3222 5166
605 435 818 496 ..33-

143 621 280 706 linguae
307 620 443 687 Grecae
466 619 605 703 ignaris,
637 605 751 684 lacere
784 618 893 700 potuit
927 617 1038 683 nullus
1070 615 1201 695 timeus,
1236 634 1278 682 ne

145 723 268 790 furtum
304 722 609 805 deprehenderetur
632 740 861 803 —ponamus
896 738 1034 786 necesse
1070 724 1123 786 est
1156 724 1215 812 aut
1238 738 1279 784 ox

146 827 212 894 ulio
246 826 391 908 quodam
424 827 457 891 in
493 825 634 891 eundem
658 824 810 890 Platonis
844 823 1012 908 dialogum
1040 821 1278 891 commentario

146 930 324 997 addidisse.
363 930 575 1013 Quamquam
598 929 686 993 enim
709 927 851 1013 singulis
874 926 1102 994 commentarii
1124 925 1279 1008 partibus

144 1034 300 1117 propriae
333 1027 587 1115 praeponuntur
620 1033 866 1113 inscriptiones
899 1037 1011 1096 tamen
1044 1049 1081 1097 re
1107 1050 1191 1096 vera
1214 1049 1279 1096 non

146 1144 223 1204 sunt
246 1139 309 1202 hae
332 1142 447 1217 partes
475 1136 589 1201 finitae
618 1140 677 1202 ant
700 1136 963 1216 uniuscuiusque
987 1134 1158 1200 doctrinae
1183 1133 1279 1214 quasi

146 1241 254 1322 orbes,
289 1239 347 1306 sed
382 1258 495 1306 omnes
529 1245 710 1306 versantur
743 1239 777 1303 in
811 1237 952 1322 singulis
975 1237 1131 1319 deinceps
1155 1237 1280 1320 dialogi

145 1345 228 1411 locis
263 1343 478 1426 explicandis.
524 1342 560 1409 Si
593 1343 697 1426 igitur
730 1347 863 1423 sumpta
896 1347 1011 1408 essent
1044 1341 1113 1406 alia
1139 1359 1180 1405 ex
1203 1340 1280 1420 alio,

146 1447 339 1514 necessario
362 1447 515 1512 diversas
537 1447 590 1512 vel
615 1446 802 1512 contrarias
829 1446 917 1511 inter
944 1446 1189 1528 relegeremus
1213 1443 1278 1510 dis-

147 1553 297 1634 ciplinas.
342 1551 416 1617 Iam
449 1569 531 1617 vero
565 1550 799 1616 demonstrabo
832 1550 866 1613 in
888 1554 962 1614 tota
984 1549 1049 1613 hac
1071 1547 1281 1624 Obalcidiani

146 1654 257 1735 operis
280 1659 377 1734 parte
401 1654 499 1720 unius
523 1653 737 1734 eiusdemque
759 1653 927 1734 pollucere
951 1655 1064 1716 sectae
1086 1649 1280 1731 doctrinam,

147 1764 356 1842 argumenta,
391 1756 584 1838 disputandi
618 1757 778 1836 rationes,
816 1755 943 1822 scilicet
980 1755 1114 1820 scholae
1148 1754 1281 1820 Aristo·

146 1862 268 1928 telicae
280 1861 313 1942 ¹).
348 1863 468 1942 ltaque
493 1860 534 1926 ad
556 1880 658 1926 unum
675 1865 846 1926 auctorem
864 1877 1003 1940 eumque
1018 1857 1281 1939 Peripateticum

148 1965 259 2032 omnia
293 1983 367 2031 esse
401 1964 594 2030 revocanda
617 1999 658 2010 ·-
680 1963 799 2045 paucis
822 1962 971 2044 exceptis
993 1999 1046 2042 -‚
1071 1980 1157 2043 quae
1180 1961 1282 2027 habet

148 2068 340 2136 Chalcidius
363 2087 418 2152 pg.
445 2073 569 2148 162,12
586 2086 668 2148 squ,
692 2071 846 2134 constare
870 2066 1012 2132 videtur.

233 2173 332 2238 Nunc
365 2171 434 2237 iarn
468 2190 592 2250 eornm,
627 2189 714 2252 quae
747 2170 855 2236 babeo
889 2169 932 2235 ad
959 2168 1169 2248 firmandum,
1193 2167 1282 2248 quod

148 2274 302 2340 contendi
320 2312 363 2320 —
384 2274 636 2341 ,Aristotelicum
657 2273 800 2354 proferri
823 2273 1006 2338 doctrinam
1023 2307 1064 2318 ·-
1081 2271 1282 2355 gravissima

149 2397 302 2459 quaeque
325 2397 500 2459 exponam.

234 2481 384 2548 Primum
418 2481 577 2548 universa
609 2481 695 2546 baec
726 2499 806 2562 pars
840 2478 965 2544 referta
1003 2485 1055 2544 est
1091 2477 1282 2543 notionibus

150 2583 376 2651 Aristotelicis
399 2581 519 2668 (genus
541 2619 584 2628 -
608 2583 747 2664 species,
770 2581 1052 2664 possibilitate-
1075 2579 1207 2660 ellectu,
1235 2579 1283 2644 di·

150 2705 285 2754 versum
309 2721 351 2730 —
374 2687 579 2760 contrarium
603 2684 690 2767 etc),
713 2691 782 2751 tum

236 2792 298 2874 Pg.
324 2794 492 2856 164-165
515 2790 613 2856 docet
636 2788 828 2856 Chalcidice
858 2787 1015 2855 mundum
1039 2805 1114 2854 esse
1139 2787 1284 2866 „animal
1340 2808 1345 2818 ·

151 2893 350 2978 intellegens
374 2893 513 2974 eiusque
535 2897 651 2975 partes
675 2892 833 2958 dexteras
855 2910 931 2958 esse
954 2911 1023 2971 eas,
1045 2891 1080 2956 in
1097 2890 1218 2972 quibus
1234 2899 1283 2956 est

151 2997 280 3063 initium
305 2997 435 3063 motus“
458 2997 492 3062 id
516 3003 569 3064 est
590 2997 624 3062 in
647 2997 727 3078 eois,
751 3015 849 3077 quem
872 2996 1112 3062 sententiarum
1136 2995 1284 3061 ordinem

154 3099 347 3166 Aristotelis
370 3119 445 3167 esse
469 3105 584 3172 notum
609 3100 704 3182 esta.
820 3098 822 3104 ’

238 3205 421 3288 Pg.197,6
445 3204 593 3272 definitio
617 3203 813 3270 daemonum
837 3203 928 3268 iusta
951 3201 1126 3283 disciplina
1141 3201 1286 3267 lormata

152 3305 280 3374 indicat
304 3308 497 3373 Aristotelis
520 3313 731 3372 sectatorem.
778 3304 901 3372 Confer
924 3305 1025 3371 etiam
1047 3324 1125 3390 pgg.
1149 3310 1285 3383 211,19.

153 3417 227 3491 214,
240 3417 290 3477 ab.
315 3415 388 3490 237,
403 3416 442 3475 13
466 3414 527 3476 etc.

241 3515 300 3597 Pg.
325 3518 602 3596 203‚9-229,2
635 3511 720 3596 (opp.
747 3510 951 3596 143—180)
979 3510 1182 3578 concordare
1214 3530 1287 3576 cum

153 3615 499 3684 Pseudo-Plutarohei
521 3617 596 3688 libri
620 3617 660 3682 de
676 3616 746 3682 lato
763 3615 929 3697 capitibus
947 3620 1029 3681 1-9
1046 3613 1289 3682 demonstravit

155 3719 374 3801 Gerclrens³)'
397 3729 496 3802 atque
531 3719 674 3787 coniecit
700 3719 799 3784 tertio
823 3724 1017 3801 comparato
1040 3718 1196 3784 Nemesin
1219 3722 1288 3783 tres

155 3825 218 3891 hos
252 3823 431 3904 scriptores
467 3842 507 3888 ex
541 3842 607 3889 uno
642 3827 780 3889 auctore
815 3840 919 3902 eoque
951 3821 1090 3888 alterius
1113 3840 1145 3902 p.
1162 3818 1238 3886 Obr.
1257 3840 1287 3885 n.

245 4012 263 4081 ¹)
283 4011 437 4075 Quomodo
465 4011 503 4063 sit
532 4010 754 4078 explicandum,
785 4010 866 4077 quod
896 4024 1115 4075 nonnunquam
1143 4007 1290 4060 inclinare

156 4098 279 4152 videtur
298 4101 399 4150 auctor
418 4098 456 4150 ad
476 4097 644 4150 Stoicorum
664 4098 809 4164 dogmata,
827 4096 955 4150 inferius
973 4093 1153 4147 videbimus.

242 4183 266 4252 2)
285 4184 381 4236 Zeller
411 4183 449 4247 11,
458 4183 483 4247 2,
492 4184 553 4236 457.
600 4183 730 4246 Bceclrh‚
762 4183 821 4234 Das
851 4183 945 4234 kosm.
977 4180 1093 4247 Syslom
1126 4179 1178 4232 des
1209 4179 1291 4231 Plato

157 4286 206 4337 pg.
227 4268 445 4333 114—1l5‚ubi
464 4268 651 4321 Chalcidiani
666 4268 726 4322 loci
744 4267 855 4320 mentio
873 4267 915 4320 fit.

243 4354 265 4420 3)
282 4355 360 4406 Mus.
379 4352 472 4406 Rhen.
490 4355 540 4422 41,Ι
551 4369 600 4419 pg.
619 4353 671 4406 270
681 4368 746 4420 sqq.
