3222 5166
794 450 1009 510 ...38-

334 632 509 698 sedetiam
527 651 577 712 ea,
598 652 685 714 quae
701 635 908 714 praecedunt
928 634 982 716 (de
999 636 1154 719 genitura
1170 633 1307 716 mundi),
1330 634 1468 700 fluxisse

334 755 352 801 e
386 736 476 802 toute
499 737 726 818 Peripatetico
760 741 965 820 compertum
1000 738 1146 817 habebit,
1181 738 1237 819 qui
1270 739 1325 803 vel
1348 757 1466 819 parum

334 839 512 920 diligenter
534 859 574 906 ea
596 841 810 921 percurrerit.
848 842 1059 930 Quamquam
1084 841 1170 907 enim
1187 846 1303 922 aperte
1320 841 1469 922 loquitur

334 944 433 1008 Plato
467 943 507 1008 de
542 943 729 1026 genitura
765 945 888 1026 mundi,
912 951 1023 1011 tamen
1049 945 1228 1012 subtilibus
1251 944 1357 1025 iisque
1380 945 1468 1024 peri-

334 1047 489 1127 pateticis
513 1048 857 1130 argumentationibus
882 1048 1024 1116 etlicitur
1045 1048 1204 1114 mundum
1220 1048 1377 1114 sensilem
1394 1067 1470 1114 esse

336 1157 519 1230 aeternum,
541 1150 575 1216 id
598 1151 686 1232 quod
710 1153 927 1219 Aristotelem
951 1153 1103 1218 docuisse
1127 1157 1240 1218 notum
1264 1157 1324 1218 est.

421 1253 511 1337 Ergo
545 1254 614 1320 tere
649 1260 753 1321 totum
780 1255 943 1322 Chalcidii
977 1275 1060 1338 opus
1083 1256 1195 1337 potius
1219 1260 1270 1321 est
1293 1256 1434 1321 Adrasti
1446 1257 1470 1335 1)

337 1360 436 1436 atquo
474 1357 538 1422 hac
576 1357 617 1423 de
655 1377 760 1424 eausa
793 1360 927 1424 minime
962 1359 1107 1443 dignum,
1146 1358 1233 1439 quod
1269 1363 1337 1424 tam
1372 1359 1471 1440 parvi

337 1459 543 1526 aestimetur.
589 1462 755 1543 imprimis
779 1482 845 1527 non
868 1480 978 1543 pauca
1000 1463 1124 1542 insunt,
1160 1462 1280 1543 quibus
1305 1469 1473 1545 angeatur

337 1562 476 1628 scientia
510 1564 741 1646 philosophiae
763 1566 853 1631 illius
887 1566 1020 1646 aetatis,
1055 1565 1128 1632 dico
1153 1565 1303 1646 Adrasti,
1339 1565 1380 1630 de
1403 1584 1474 1645 qua

335 1666 541 1747 paucissima
564 1674 733 1750 comperta
755 1670 928 1736 habemus.

672 1908 733 1990 V.
767 1908 838 1988 De
866 1908 1135 1989 Macrobio.

423 2099 462 2162 In
498 2118 570 2164 eam
605 2107 736 2181 partem
760 2101 929 2167 Ciceronis
965 2099 1006 2165 de
1040 2120 1077 2166 re
1108 2099 1242 2180 publica
1264 2083 1348 2178 libri,
1373 2119 1472 2180 quam

338 2202 439 2282 vulgo
462 2203 595 2284 proprie
620 2203 810 2284 „Somnium
836 2203 1021 2284 Scipionis“
1046 2189 1371 2283 nuncupant,nob'is
1394 2210 1475 2268 sunt

339 2306 465 2370 servati
500 2306 564 2372 duo
597 2307 676 2396 libri
707 2307 1018 2374 commentariorum
1049 2305 1222 2388 compositi
1247 2325 1268 2372 a
1291 2306 1474 2386 Macrobi0,

339 2408 397 2488 qui
418 2409 572 2476 lloruisse
596 2411 730 2477 videtur
752 2413 842 2476 circa
866 2410 1120 2493 annum4102).
1169 2409 1297 2492 Quibus
1325 2409 1359 2474 in
1386 2428 1475 2475 com-

330 2513 511 2578 mentariis
546 2514 680 2580 disserit
715 2521 833 2580 auctor
867 2515 907 2579 de
942 2515 1089 2580 numeris
1123 2513 1238 2578 codem
1275 2513 1380 2592 modo,
1408 2533 1475 2594 quo

343 2618 532 2697 Anatolius,
556 2619 658 2698 Theo,
694 2619 761 2698 alii,
796 2618 836 2683 de
871 2618 991 2698 quibus
1024 2618 1091 2683 iam
1123 2617 1259 2701 egimus.
1307 2615 1370 2682 Sed
1396 2615 1475 2696 quid

342 2720 466 2784 multa?
503 2721 700 2787 Exscribam
724 2722 777 2788 hic
799 2723 969 2803 nonnulla,
993 2727 1030 2787 ut
1052 2722 1125 2803 ipse
1148 2721 1256 2801 possis
1280 2739 1476 2800 comparare

343 2828 442 2903 atque
466 2824 625 2890 iudicare.

475 2995 605 3047 Maerob.
624 2995 647 3060 I,
666 2997 717 3060 VI,
727 2997 751 3049 7.
934 3039 938 3046 .
1025 2963 1029 2974 Ι
1080 2995 1197 3047 Anatol.
1214 3010 1264 3061 pg.
1283 2993 1324 3047 ab.

377 3114 473 3150 unum
500 3102 607 3162 autem,
636 3099 717 3165 quod
743 3098 828 3168 μονάς
851 3100 883 3152 id
969 3096 1014 3162 ἔτι,
1041 3094 1066 3148 εἰ
1092 3096 1138 3148 καὶ
1164 3095 1201 3165 μή
1228 3091 1387 3166 ἐντελεχείᾳ,
1411 3091 1479 3146 ἀλλά

344 3187 389 3236 ost
407 3185 505 3236 unitas
525 3183 643 3248 dicitur,
671 3189 700 3238 et
722 3187 884 3239 masidam
935 3185 1056 3252 δυνάμει,
1102 3181 1221 3250 περισσή,
1262 3177 1348 3249 riprr'rr,
1392 3176 1481 3250 cipue·

344 3276 373 3322 et
399 3270 509 3322 femina
536 3273 588 3334 est,
617 3286 671 3336 par
696 3271 777 3324 idem
795 3276 884 3339 atque
936 3269 1060 3341 πέρισσος
1144 3269 1174 3321 ul
1194 3267 1261 3320 ἄλλα
1280 3265 1374 3319 πάνια.

344 3357 448 3422 impar,
467 3357 560 3424 ipsei)
587 3373 649 3409 non
667 3373 812 3410 numerus
831 3357 885 3410 sed
908 3329 911 3426 i
969 3357 1082 3424 ,uorrlr⁴)
1102 3353 1218 3424 προτέρα
1237 3351 1333 3407 παντὸς
1350 3348 1479 3422 ἀριθμοῦ,

345 3511 405 3578 (pg.
424 3511 529 3579 91‚11)‚
558 3515 617 3564 tam
643 3513 768 3565 stultum
796 3517 847 3579 est,
876 3517 909 3566 ut
936 3529 996 3565 non
1018 3514 1153 3566 dubitem
1171 3512 1228 3564 hoc
1247 3511 1305 3577 ipsi
1324 3507 1480 3562 Chalcidio

346 3598 488 3651 tribuere.

438 3685 458 3752 ¹)
478 3683 632 3738 Consentit
663 3686 744 3752 quod
772 3686 926 3738 efferimus
957 3701 1025 3738 cum
1054 3685 1170 3738 Kroilio
1201 3679 1482 3750 (Pauly-wissowa)

347 3771 511 3824 scribente:
536 3772 592 3836 „hir
610 3771 731 3838 (Chalc.)
749 3773 800 3824 hat
818 3773 867 3824 fiir
886 3773 969 3825 scine
982 3772 1045 3824 Zeit
1062 3775 1116 3838 gut
1133 3771 1294 3832 ilbersetzt,
1313 3768 1386 3822 aber
1404 3766 1482 3819 auch

348 3875 407 3911 nur
437 3857 598 3923 iibersetzt‚
634 3858 803 3925 abgesehen
840 3874 898 3910 von
933 3858 988 3911 der
1019 3859 1180 3924 Zutiigung
1214 3854 1382 3908 biblischer
1418 3851 1482 3904 und

348 3944 515 3997 riimischer
533 3945 690 4010 Bcispiele.
728 3945 816 3998 Scine
837 3945 963 4008 Quellen
991 3944 1060 3997 sind
1088 3943 1238 3996 durchaus
1265 3937 1481 4006 vorplotinisch

350 4031 414 4083 und
439 4031 563 4083 werden
589 4035 678 4084 unter
707 4031 765 4084 den
784 4029 979 4083 Platonikern
1007 4031 1060 4082 des
1083 4029 1158 4081 2ten
1178 4027 1400 4080 Jahrhunderts
1419 4023 1483 4076 und

349 4118 447 4170 ihrem
465 4117 596 4184 Anhang
614 4134 652 4170 zu
672 4119 786 4170 suchen
805 4117 869 4169 und
888 4133 927 4168 zu
944 4116 1048 4168 finden
1066 4116 1155 4169 sein.“

435 4203 459 4271 2)
478 4203 579 4271 Pauly,
598 4204 783 4270 Realencyel.
802 4204 859 4256 sub
878 4202 1040 4254 Macrobio.
1075 4205 1077 4208 '

435 4290 456 4358 ³)
474 4291 590 4343 Anatol.
607 4306 656 4357 pg.
675 4291 720 4342 33:
748 4287 763 4350 ἦ
781 4288 835 4358 γάρ
852 4287 945 4356 μονάς,
972 4285 998 4338 εἰ
1015 4285 1060 4338 καὶ
1079 4284 1198 4354 περισσή,
1218 4279 1273 4334 ἀλλ’
1293 4278 1341 4335 οὐκ
1360 4278 1484 4350 ἀριθμός.

437 4377 458 4441 ⁴)
477 4377 623 4430 Ordinem
644 4392 754 4444 sequor
773 4375 1009 4428 Macrobianum.
