3222 5166
606 492 821 552 ...13-

148 677 189 729 διδ
207 676 253 728 καί
271 677 395 728 καλεῖται·
415 675 467 726 ῦπδ
492 677 544 726 τῶν
565 679 691 741 Πυθαγο-

149 763 231 832 ρείιον
248 759 387 832 παρθένος
399 756 517 830 άμὴτιορ.
536 762 590 812 τῶν
603 759 692 812 ἄλλων

149 850 202 900 τῶν
227 842 300 904 ἐντὸς
327 848 438 902 δεκάδος
465 846 479 898 δ
504 845 558 914 μὲν
585 845 610 898 δ’
638 844 691 898 ῦπδ

149 933 246 988 δυάδος
264 937 391 1002 γεννᾶται
409 973 455 987 ...

368 1038 392 1073 κ.
411 1037 431 1072 τ.
450 1020 471 1072 λ.

151 1452 280 1514 πλανῆται
299 1450 322 1513 ζ’
342 1490 389 1504 ...

152 1625 180 1676 αἱ
207 1622 344 1694 ἰσημερίαι
371 1621 404 1675 δι’
433 1620 499 1675 έπτά
526 1623 622 1690 μηνῶν
647 1619 693 1671 καί

153 1711 182 1762 αἱ
199 1709 297 1778 τροπαί
315 1750 321 1762 .
336 1749 361 1760 ..

152 1795 296 1865 σπλάγχνα
335 1793 368 1858 ζ’,
408 1792 542 1863 στόμαχος
585 1790 693 1860 καρδία,

152 1879 288 1949 πνεάμων,
308 1873 389 1949 ἧπαρ,
408 1878 502 1942 σπλήν,
522 1877 620 1948 νέφροι
638 1875 694 1930 δύο.

146 1967 287 2037 Ἡρόφιλος
305 1964 335 2019 δὲ
352 1965 379 2018 τῦ
397 1967 443 2016 τοῦ
462 1959 611 2035 άνθριίπου
624 1961 695 2016 ἔντε-

154 2072 201 2121 ρον
228 2055 326 2122 πηχῶν
352 2046 424 2104 εἶναί
451 2067 516 2118 φησι
542 2050 596 2115 κα’,
628 2047 694 2116 ὅπερ

151 2138 204 2192 εἰσὶ
222 2145 291 2208 τρεῖς
308 2135 463 2209 ἑβδομάδες.
482 2136 586 2206 κεφαλή
599 2136 696 2204 χρῆται

153 2226 244 2294 πόροις
262 2226 294 2291 ζ’,
314 2223 471 2293 ὀφθαλμοῖς
489 2221 545 2287 δίο,
569 2217 618 2274 ωσί
638 2219 694 2284 δυό,

151 2313 282 2382 μυκτῆρσι
300 2310 356 2376 δύο,
375 2311 483 2380 στόματι
502 2352 508 2362 .
524 2349 549 2362 ..
617 2329 620 2335 ·

154 2401 179 2451 οἱ
195 2397 300 2468 εὔριποι
317 2392 363 2450 ε’πί
381 2395 504 2448 πλεῖστον
526 2393 632 2452 ἑπτάκις
653 2394 696 2456 τῆς

154 2483 256 2556 ἡμέρας
273 2481 472 2552 μεταβάλλουσι.

188 2571 280 2637 39‚12.
307 2568 424 2620 καλεῖται
451 2567 466 2630 ἡ
494 2567 572 2623 δεκάς
602 2567 696 2638 κράτος

743 671 802 726 οὔτε
819 674 903 740 γεννᾷ
921 669 1012 740 ἕτερον
1028 687 1088 722 ουτε
1099 671 1225 737 γεννᾶται
1238 659 1285 738 ὑφ’

742 756 844 828 ἑτέρου·
878 757 919 810 διδ
950 755 996 808 καί
1020 752 1120 820 Ἀθηνᾶ
1151 755 1204 808 ino·
1233 755 1287 806 τῶν

742 846 942 913 Πυθαγορικῶν
959 837 1086 907 ἐκαλεῖτο,
1115 841 1174 894 οίτε
1191 839 1288 910 μητρόε

730 933 808 986 Ιτινος
835 923 902 983 οὖσα
929 928 988 981 οὔτε
1016 928 1112 998 μήτηρ·
1144 926 1203 980 οὔτε
1231 925 1286 994 γάρ

742 1019 845 1087 γίνεται
873 1009 904 1070 ἔκ
933 1013 1106 1084 συνδυασμοῦ
1135 1011 1195 1065 οὔτε
1224 1027 1287 1064 σον-

744 1103 867 1165 δυάζεταί
879 1119 934 1154 τινι.
958 1102 1011 1152 τῶν
1023 1097 1078 1169 γάρ
1092 1098 1222 1168 ἀριθμῶν
1234 1097 1289 1150 τῶν

742 1185 774 1244 ἑν
791 1191 823 1260 τῇ
841 1186 933 1241 δεκάδι
951 1185 977 1239 οί
996 1182 1049 1256 μὲν
1065 1186 1182 1254 γεννῶσι
1198 1180 1287 1236 τεκαὶ

743 1277 898 1346 γεννῶνται,
927 1271 963 1328 ῶς
985 1271 999 1324 δ
1021 1271 1046 1324 δ’
1065 1271 1150 1340 γεννᾷ
1167 1267 1221 1339 μὲν

963 1379 987 1413 κ.
1006 1377 1026 1412 τ.
1046 1359 1067 1412 λ.

745 1445 799 1502 άπδ
826 1447 933 1516 τροπῶν
961 1442 991 1498 δὲ
1016 1438 1062 1498 ἐπὶ
1088 1441 1187 1510 τροπάς
1206 1444 1289 1512 μῆνες

744 1533 823 1588 ἑπτά·
842 1532 870 1584 τό
884 1549 911 1584 τε
923 1531 1025 1595 πλῆθος
1035 1532 1089 1584 τῶν
1101 1527 1288 1597 πλανωμένων

745 1619 823 1674 ἑπτά·
850 1617 896 1671 καί
923 1617 979 1670 άπδ
1006 1616 1146 1686 ἰσημερίας
1165 1608 1211 1667 ἐπὶ
1230 1611 1289 1677 ἰση-

744 1707 845 1776 μερίαν
870 1706 952 1774 μῆνες
979 1703 1058 1758 ἑπτά·
1088 1700 1134 1754 καὶ
1160 1699 1237 1768 πόροι
1256 1697 1289 1753 δέ

745 1793 864 1862 κεφαλῆς
882 1789 961 1844 ἑπτά·
986 1789 1031 1842 καί
1050 1787 1195 1856 σπλάγχνα
1213 1783 1288 1850 ἑπτά,

746 1879 862 1946 γλῶσσα,
892 1877 1001 1946 καρδία,
1035 1873 1170 1942 πνεύμων,
1207 1863 1288 1940 ἧπαρ,

747 1963 840 2027 σπλήν,
858 1959 957 2032 νέφροι
975 1960 1036 2015 δίο.
1055 1959 1197 2029 Ἡρόφιλος
1215 1955 1245 2010 δὲ
1262 1956 1290 2009 ιδ

746 2051 800 2103 τῶν
818 2045 977 2118 άνθρῶπων
988 2046 1095 2115 ἔντερον
1107 2045 1206 2113 πηχῶν
1218 2039 1290 2096 εἷναί

747 2152 814 2205 φησι
842 2134 873 2198 κη’
881 2135 907 2204 ¹),
939 2131 953 2186 ὅ
980 2129 1034 2188 ε’σιι
1060 2128 1184 2199 τέσσαρες
1212 2128 1289 2197 ἑβδο-

746 2221 842 2292 μάδες.
865 2222 894 2275 οί
909 2238 935 2274 τε

746 2393 852 2463 εὔριποι
869 2395 896 2448 τδ
914 2395 1038 2446 πλεῖστον
1053 2387 1159 2444 ἑπτάκις
1170 2391 1214 2454 τῆς
1226 2384 1291 2455 ἦμέ-

748 2503 796 2552 ρας
816 2481 1032 2550 μεταβάλλουσιν.
1072 2499 1073 2504 ’

784 2571 840 2633 106,
850 2569 874 2622 7.
915 2565 930 2630 ἦ
963 2562 1055 2634 μέντοι
1090 2561 1168 2618 δεκάς
1203 2561 1291 2614 πάντα

154 2658 199 2710 καὶ
217 2652 366 2719 παντέλεια,
390 2647 448 2707 ἐπεὶ
467 2653 556 2706 πάντα
574 2654 696 2722 περαίνει
748 2656 872 2724 περαίνει
882 2652 927 2706 τδν
944 2647 1073 2720 άριθμόν,
1089 2643 1291 2719 ἐμπεριέχουσα

153 2744 198 2796 τάν
237 2735 358 2813 άριθμδν
396 2735 560 2809 περιέχουσα
605 2742 697 2792 πάσαν
748 2743 841 2793 πᾶσαν
858 2737 942 2808 φάσιν
958 2731 1032 2793 έντδς
1050 2735 1135 2799 αὖτῆς,
1155 2730 1247 2803 άρτίοο
1265 2751 1292 2786 τε

154 2827 238 2900 φάσιν
263 2827 336 2882 suras
362 2824 463 2890 ἑαυτῆς,
492 2820 582 2896 άρτίοο
606 2823 696 2878 τεκαὶ
748 2824 793 2877 καί
812 2825 936 2892 περιττοῦ
954 2819 1111 2888 κινουμένου
1130 2818 1216 2874 τεκαὶ
1233 2815 1291 2872 άκι-

154 2917 289 2982 περισσοῦ,
302 2909 462 2982 κινουμένου
471 2929 498 2964 τε
509 2911 554 2964 καί
565 2907 695 2977 άκινὴτου,
748 2911 824 2975 νητου
844 2910 953 2978 ἀγαθοῦ
969 2925 997 2962 τε
1014 2907 1060 2960 καί
1078 2909 1173 2960 κακοῦ·
1193 2945 1240 2961 ...

156 2995 265 3069 άγαθοῦ
282 2998 329 3052 καὶ
346 2998 465 3068 κακυῦῗ).
485 3039 532 3052 ...

242 3158 339 3240 Quae
371 3156 478 3239 posui,
513 3176 686 3238 perpauca
720 3160 798 3222 sunt
836 3175 854 3221 e
891 3152 1019 3235 multis;
1058 3153 1118 3220 sed
1155 3171 1292 3234 prorsus

156 3261 326 3328 sufficiunt
349 3259 390 3326 ad
415 3258 721 3339 demonstrandum,
757 3278 854 3341 quam
889 3257 1013 3324 similia
1042 3257 1110 3323 sint
1131 3257 1220 3322 inter
1244 3275 1292 3337 se,

244 3465 262 3534 ¹)
282 3463 369 3529 Quod
396 3463 510 3517 diversi
537 3467 609 3516 sunt
635 3463 764 3528 numeri,
792 3464 894 3531 magni
920 3478 983 3516 non
1011 3463 1096 3515 dccc.
1137 3459 1292 3514 Facillime

156 3551 238 3604 enim
255 3550 322 3603 fieri
340 3550 445 3616 potuit,
465 3554 498 3603 ut
517 3551 591 3603 falso
610 3551 817 3604 scriberentur
835 3551 884 3603 vel
902 3553 982 3603 recte
1002 3547 1108 3613 scripti
1125 3548 1199 3599 falso
1212 3546 1292 3613 lege·

156 3641 262 3691 rentur
292 3637 421 3702 numeri,
458 3653 517 3704 quc
552 3637 628 3689 facto
659 3636 805 3689 nimirum
836 3640 865 3689 et
893 3634 1117 3688 hebdomadum
1146 3648 1293 3685 numerus

156 3722 336 3777 mutabatur.

242 3809 262 3877 2)
280 3807 382 3863 Verba
393 3809 532 3876 proxima
545 3807 689 3861 Anatolii:
708 3807 814 3876 χωρίον
831 3823 858 3858 τε
877 3805 919 3869 ίση
938 3805 1095 3876 περίμετρος
1107 3808 1160 3858 etc.
1174 3805 1228 3873 (39,
1241 3805 1293 3873 16),

157 3911 234 3965 quae
247 3893 325 3947 dixit
337 3894 466 3948 obscura
475 3893 669 3961 Heibcrgius,
682 3891 781 3946 sanari
794 3908 883 3960 posse
896 3893 1048 3959 videntur,
1061 3909 1130 3946 cum
1139 3889 1294 3944 Plutarchi

155 3984 221 4035 loco
250 3980 300 4050 (de
320 3982 358 4034 Is.
378 3984 407 4034 ct
432 3981 481 4034 Os.
499 3981 569 4045 42‚a
592 3996 641 4046 pg.
659 3980 728 4045 73,9
751 3980 890 4047 Parthey)
919 3983 1089 4047 comparato
1117 3977 1293 4031 scribimus:

156 4067 268 4137 χωρίοις
293 4083 321 4119 τε
348 4067 390 4131 ἴση
414 4066 573 4137 περίμετρος
591 4061 730 4120 ἐπιπέδων
757 4065 821 4134 (pro
840 4063 1001 4134 ἑβδομάδων
1025 4064 1107 4133 quod
1124 4063 1223 4131 inane)
1249 4061 1294 4114 εῦ-

157 4153 275 4222 ρίοκεται
376 4153 475 4217 Quare
502 4150 672 4207 adseruerit
698 4154 877 4218 Tanneryus
905 4152 992 4218 (Edit.
1016 4151 1157 4218 Heiberg.
1181 4165 1230 4218 pg.
1252 4151 1293 4214 54,

157 4241 225 4293 adn.
239 4241 264 4309 1)
283 4256 317 4293 ea
336 4239 457 4292 omnino
476 4254 538 4292 non
557 4243 690 4307 spectare
714 4238 753 4291 ad
771 4237 939 4302 denarium,
958 4253 1019 4290 non
1032 4237 1129 4302 video,
1142 4235 1294 4303 siquidem

159 4327 238 4379 clare
258 4325 331 4379 dicit
349 4327 510 4379 Anatolius
537 4324 651 4394 πλευραὶ
673 4322 703 4377 δὲ
720 4322 819 4376 τούτων
837 4323 864 4375 δ’
882 4322 929 4375 καί
948 4323 973 4380 ς’
993 4363 1019 4376 ..
1036 4367 1041 4377 .
1059 4322 1090 4375 τά
1110 4319 1140 4375 δὲ
1158 4319 1184 4373 δ’
1201 4317 1248 4373 καί
1268 4316 1294 4378 ς’

158 4419 231 4464 ποιεῖ
247 4412 292 4464 τδν
310 4411 338 4464 ι’.
