3222 5166
835 468 1029 529 -g-

561 651 704 707 Philonis.

358 749 436 822 μέρει
464 758 612 822 θεωρεῖται.
647 753 695 817 τήν
728 752 905 823 δ’δπόσχεσιν

361 839 499 902 ἀποδείξει
524 834 691 906 βεβαιωτέον.
720 839 748 891 τό
774 836 828 910 μὲν
857 833 905 892 οὖν

360 923 392 979 ἓν
408 927 493 995 γεννᾷ
510 924 569 980 τοδς
592 924 651 988 ἑξῆς
678 923 797 980 άπαντας
824 921 905 995 ᾶριθ-

359 1013 427 1086 μοδς
455 1010 500 1065 ὑπ’
531 1007 640 1066 οὐδενός
669 1012 841 1082 γεννώμενον
876 1011 904 1063 τό

360 1100 504 1169 παράπαν·
519 1085 554 1148 Ιτά
567 1093 661 1151 δ’ὀκτιό
674 1100 801 1167 γεννᾶται
818 1116 842 1150 ιι.
851 1115 871 1150 τ.
881 1097 903 1159 λ,

394 1185 476 1256 μόνος
511 1182 572 1238 δίδς
601 1183 673 1254 έφην
702 1183 716 1236 ό
746 1183 812 1238 ἑπτά
846 1181 905 1236 οὔτε

360 1272 462 1340 γεννᾶν
497 1267 620 1339 πέφυκεν
656 1269 715 1323 οὔτε
743 1272 903 1339 γεννᾶσθαι.

361 1357 393 1410 δι’
422 1354 454 1420 ήν
481 1353 571 1408 αἰτίαν
597 1357 624 1409 οἱ
649 1354 703 1426 μὲν
729 1355 803 1408 ᾶλλοι
829 1354 904 1425 φιλό-

361 1460 441 1513 σοφοι
458 1443 504 1495 τόν
520 1437 641 1512 άριθμδν
652 1443 743 1494 τοῦτον
754 1435 905 1511 ἐξομοιοῦσι

360 1532 392 1600 τῇ
410 1524 523 1597 άμήτορι
540 1529 607 1597 Νίκη
635 1526 681 1580 καί
700 1525 834 1598 Παρθένῳ
856 1568 904 1580 ...

361 1615 415 1668 ἀπό
431 1614 549 1684 μονάδος
568 1612 703 1668 συντεθείς
726 1612 784 1677 ἑξής
803 1613 817 1665 ὃ
834 1611 905 1666 ἑπτά

362 1697 480 1772 α’ριθμός
505 1702 590 1771 γεννᾷ
610 1700 655 1752 τόν
673 1695 739 1752 ὀκτοί
757 1698 804 1752 καὶ
822 1701 906 1752 είκοσι

361 1785 460 1840 τέλειον
477 1788 522 1841 καί
540 1794 592 1842 τοῖς
615 1785 694 1840 αὑτοῦ
707 1783 819 1856 μέρεσιν
833 1783 906 1836 ἰσού-

361 1889 456 1942 μενον·
479 1873 493 1926 ὅ
507 1871 538 1926 δὲ
552 1871 693 1942 γεννηθείς
706 1866 824 1941 άριθμός
838 1866 907 1922 ‹imi-

361 1961 544 2015 καταστατικός
570 1955 625 2014 ἔστι
651 1958 765 2024 σελήνης,
794 1954 843 2027 άφ’
875 1949 906 2008 οὗ

362 2045 457 2114 ήρξατο
476 2046 611 2118 σχήματος
628 2045 777 2116 λαμβάνειν
798 2041 907 2106 αὔξησιν

364 2130 504 2198 αἰσθητῶς,
531 2131 570 2188 εἰς
595 2131 683 2186 έκεῖνο
710 2131 777 2184 κατά
794 2129 907 2199 μείωσιν

364 2213 597 2288 άνακαμπτοόσης’
622 2216 728 2279 αὔξεται
761 2212 815 2284 μὲν
851 2215 906 2284 γάρ

365 2299 418 2356 άπό
447 2305 491 2369 τῆς
520 2306 623 2376 πρώτης
657 2299 814 2375 μηνοειδοές
848 2300 907 2354 ἑπι-

364 2390 493 2461 λάμψεως
523 2391 590 2462 άχρι
620 2388 763 2459 διχοτόμου
795 2385 907 2459 ἡμέραις

364 2473 438 2542 ἑπτά,
465 2474 519 2531 εἶθ’
543 2475 645 2547 ἑτέραις
662 2473 797 2528 τοσαύταις
815 2475 907 2538 πλησι-

365 2565 437 2635 φαής
454 2565 558 2634 γίνεται
592 2582 615 2617 κ.
634 2581 654 2617 τ.
674 2562 696 2615 λ.

399 2651 521 2702 Καλεῐται
552 2647 594 2712 δή
624 2645 740 2718 ἑβδομάς
768 2645 822 2700 όπδ
854 2647 921 2722 τῶν

364 2738 463 2807 κυρίως
501 2741 554 2790 τοῖς
594 2729 726 2797 ὀνόμασιν
769 2731 908 2783 εἰωθότων

365 2825 486 2894 χρῆσθαι
526 2820 572 2874 καί
611 2819 776 2888 τελεσφόρος,
815 2812 908 2880 ἐπειδή

364 2909 442 2980 ταύτῃ
469 2908 666 2978 τελεσφορεῖται
694 2905 725 2957 τά
756 2905 907 2973 σύμπαντα.

363 2994 568 3063 τεκμηριοίσαιτο
587 2991 648 3044 δ’άν
668 3011 704 3046 τις
730 2991 760 3044 ἐκ
786 2992 831 3043 τοῦ
849 2990 909 3041 πᾶν

1156 651 1296 704 Anatolii.

949 752 1028 810 ’έντδς
1045 752 1156 808 δεκάδος
1175 753 1189 806 ὃ
1205 751 1259 823 μὲν
1277 753 1307 806 δί
1324 753 1378 807 ina
1400 754 1507 808 δυάδος

955 843 1083 910 γεννᾶται
1090 839 1111 910 ¹)
1147 859 1170 894 κ.
1189 857 1209 892 τ.
1228 841 1250 894 λ.

993 1611 1046 1667 άπδ
1063 1615 1180 1686 μονάδος
1198 1615 1334 1670 συντεθεὶς
1354 1613 1368 1666 ὁ
1386 1614 1410 1676 ζ’
1429 1622 1510 1667 ποιεῖ

957 1701 1003 1752 τόν
1024 1699 1066 1762 κη’
1085 1697 1183 1752 τέλειον
1200 1700 1246 1753 καί
1264 1708 1318 1760 τοῖς
1336 1699 1431 1754 ἑαυτοῦ
1449 1698 1506 1769 μέ-

958 1803 1032 1856 ρεσιν
1051 1783 1200 1855 ἰσούμενον.
1215 1784 1315 1856 ἡμέραι
1333 1786 1440 1851 σελήνης
1457 1788 1506 1850 κη’

958 1872 1021 1923 καθ’
1040 1869 1193 1941 ἑβδομάδας
1210 1874 1457 1944 συμπληρωθεῐσαι.

993 2648 1112 2700 καλεῖται
1131 2646 1177 2698 καί
1203 2647 1372 2718 τελεσφόρος·
1399 2647 1503 2718 γόνιμα

958 2732 1061 2802 γάρτό
1080 2729 1227 2803 ἑπτάμηνα.

993 2989 1030 3043 ἔτι
1055 2989 1172 3060 ἕβδομός
1197 2985 1229 3044 ἐκ
1253 2993 1307 3043 τῶν
1336 2990 1504 3044 διαστάσεων

366 3082 445 3149 σῶμα
458 3075 604 3149 όργανικδν
615 3077 683 3148 τρισί
696 3075 748 3148 μὲν
757 3077 909 3146 κεχρῆσθαι
959 3076 1005 3129 καί
1031 3078 1085 3128 ταῖν
1110 3076 1246 3146 τεσσάρων
1272 3076 1396 3144 περάτων
1424 3094 1504 3130 συνε-

366 3165 525 3230 διαοτάσεσι,
542 3163 628 3234 μήκει,
648 3164 739 3217 πλάτει
760 3163 806 3216 καί
817 3162 906 3230 βάθει,
959 3165 1048 3222 στώοα
1075 3161 1192 3214 δείκνυσι
1218 3165 1298 3232 σῶμα
1324 3163 1370 3215 καὶ
1398 3163 1425 3215 τδ
1455 3159 1503 3231 ὀρ-

364 3249 482 3321 τέτταρσι
517 3248 548 3303 δὲ
583 3247 688 3320 πέρασι,
725 3251 827 3320 σημείῳ
861 3247 907 3299 καί
960 3248 1083 3318 γανικόν·

366 3338 483 3407 γραμμῇ
492 3335 538 3388 καί
548 3334 698 3406 ἐπιφανείᾳ
707 3337 753 3389 καί
763 3332 907 3405 στερεῷδί

367 3416 407 3475 ὧν
416 3419 598 3475 συντεθέντων
608 3420 771 3474 ἀποτελεῖται
783 3419 907 3491 έβδομάς.
951 3451 952 3454 ¹

456 3596 611 3679 Quinque
634 3596 787 3662 Philonei
822 3596 896 3661 libri
930 3596 1073 3679 paginas
1103 3594 1328 3675 transscripsi,
1351 3594 1502 3674 reliquas

369 3721 500 3781 novem,
534 3719 621 3781 quae
657 3700 773 3766 eodem
808 3700 904 3765 modo
939 3719 1014 3766 cum
1037 3699 1242 3765 Anatoliano
1276 3698 1388 3763 libello
1423 3715 1501 3764 οοο-

457 3956 475 4026 1)
495 3957 547 4010 cfr.
565 3956 651 4012 Alex.
669 3957 703 4010 in
721 3955 848 4022 Metaph.
866 3971 915 4022 pg.
929 3955 997 4020 39,3
1024 3956 1187 4022 Hayduck:
1215 3953 1275 4008 ἐπεὶ
1295 3952 1326 4007 δὲ
1343 3951 1403 4006 οὔτε
1420 3953 1505 4022 γεννᾷ

369 4062 427 4096 τινα
452 4045 506 4095 τοῖν
531 4041 563 4095 ὲν
587 4044 619 4112 τῇ
645 4040 738 4094 δεκάδι
764 4036 895 4111 ἀριθμῶν
913 4037 926 4091 δ
944 4038 1012 4093 ἑπτά
1031 4039 1090 4094 οὔτε
1108 4042 1235 4110 γεννᾶται
1252 4039 1305 4093 δπό
1322 4059 1389 4096 τινος
1408 4033 1505 4101 ου’τιδν,

371 4130 415 4183 διά
433 4131 506 4181 τοῦτο
523 4127 569 4181 καί
583 4127 701 4191 Ἀθηνᾶν
718 4125 812 4196 ε’λεγον
830 4123 922 4180 αὐτόν·
942 4124 956 4176 ὅ
974 4123 1028 4196 μὲν
1044 4127 1099 4196 γάρ
1119 4126 1167 4180 δυό
1184 4126 1230 4180 τόν
1247 4123 1428 4194 τέσσαρα...
1448 4121 1506 4176 δδὲ

371 4213 437 4269 ἑπτά
464 4213 523 4267 οὔτε
548 4214 606 4266 τινά
633 4214 718 4284 γεννᾷ
744 4211 803 4266 οὔτε
829 4211 859 4266 ἔκ
885 4230 953 4268 τινος
978 4214 1117 4281 γεννᾶται·
1141 4213 1243 4277 τοιαύτη
1263 4211 1294 4266 δὲ
1310 4210 1357 4264 καί
1375 4209 1390 4274 ή
1405 4205 1506 4274 Ἀθηνᾶ

372 4302 481 4372 ἀμήτωρ
499 4299 545 4352 καί
565 4295 608 4353 άεί
626 4297 771 4370 παρθένος.
809 4302 887 4354 Plut.
907 4300 944 4352 de
962 4302 1002 4353 Is,
1020 4303 1056 4353 et.
1070 4300 1120 4354 08.
1140 4315 1164 4354 e.
1184 4300 1259 4354 10b:
1276 4293 1393 4362 Ἀθηνᾶν
1411 4294 1443 4350 δὲ
1457 4296 1506 4361 τήν

371 4387 510 4458 ἑβδομάδα
528 4381 698 4458 (ὠνόμαζον).
