3222 5166
602 497 814 555 -41..

333 676 485 729 Macrobii.

175 1312 245 1348 nam
267 1296 365 1362 primo
389 1296 523 1348 omnium
545 1296 602 1348 hoc
625 1312 679 1348 nu-

141 1398 224 1434 mero
248 1382 346 1434 anima
370 1381 523 1433 mundana
541 1385 681 1450 generata

142 1471 195 1532 est,
213 1469 291 1521 sicut
308 1468 449 1520 Timaeus
462 1467 593 1520 Platonis
612 1467 680 1518 edo·

143 1554 213 1606 cuit.
241 1553 368 1606 monade
396 1553 476 1606 enim
506 1554 539 1606 in
568 1552 681 1605 vertice

141 1642 237 1693 locata
263 1641 342 1692 terni
369 1639 488 1692 numeri
515 1639 551 1691 ab
578 1638 681 1691 eadam

143 1742 180 1778 ax
199 1730 326 1791 utraque
338 1729 421 1792 parte
433 1725 587 1777 fluxerunt
594 1724 614 1791 1)
628 1727 681 1776 etc.

177 1851 184 1865 .
198 1852 222 1866 ..
243 1816 356 1878 septem
375 1826 495 1877 quoque
507 1810 682 1876 vagantium

142 1898 340 1964 sphaerarum
363 1897 499 1949 ordinem
520 1897 568 1948 ilii
590 1896 680 1947 stelli-

142 1985 222 2037 ferae
244 1987 272 2036 et
295 1997 397 2036 omnes
421 1982 586 2034 continenti
612 1981 681 2034 sub·
726 2009 730 2016 ·

142 2071 214 2123 iecit
247 2070 356 2123 artifex
390 2068 578 2120 fabricatoris
614 2082 681 2133 pro-

142 2155 284 2219 videntia,
309 2170 385 2221 quae
405 2159 432 2206 et
451 2154 616 2220 superioris
636 2169 681 2205 ra·

142 2242 224 2307 pidis
247 2241 377 2292 motibus
400 2240 556 2294 obviarent
583 2244 611 2292 et
638 2240 681 2292 in-

143 2328 252 2380 feriora
271 2328 369 2379 omnia
387 2327 601 2394 gubernarent.

578 2499 683 2550 lunam

145 2601 264 2653 quoque
284 2586 369 2652 quasi
387 2601 424 2638 ex
443 2586 504 2638 illis
526 2586 683 2651 septimam

144 2686 291 2724 numerus
338 2672 526 2738 septenarius
576 2676 683 2736 movet,

146 2772 329 2824 cursumque
348 2747 418 2810 eius
431 2758 498 2823 ipse
522 2758 683 2824 dispensat.
708 2745 710 2762 ¹

146 2843 227 2909 quod
257 2859 326 2895 cum
355 2844 458 2896 multis
487 2844 585 2896 modis
615 2861 682 2911 pro-

144 2929 241 2994 betur,
265 2929 301 2981 ab
324 2930 380 2981 hoc
407 2929 531 2997 incipiat
557 2931 683 2983 ostendi.

144 3015 218 3066 luna
230 3019 294 3068 octo
308 3019 336 3068 et
348 3014 457 3082 viginti
468 3031 562 3083 prope
576 3016 683 3068 diebus

145 3100 235 3152 totius
259 3101 374 3153 zodiaci
394 3102 537 3153 ambitum
558 3102 683 3154 coniicit.

145 3223 210 3242 ...
246 3185 336 3239 huius
370 3203 441 3254 ergo
477 3187 585 3254 viginti
621 3190 683 3239 octo

147 3273 265 3325 dierum
274 3273 394 3326 numeri
403 3275 591 3339 septenarius
601 3273 683 3339 origo

146 3362 198 3411 est.
226 3373 295 3411 nam
322 3360 348 3412 si
375 3360 412 3411 ab
440 3375 500 3414 uno
524 3376 622 3426 usque
647 3360 685 3411 ad

146 3448 260 3511 septem
279 3450 427 3512 quantum
439 3446 552 3513 singuli
565 3447 685 3498 numeri

147 3531 329 3596 exprimunt,
352 3535 468 3584 tantum
485 3532 684 3584 antecedenti-

144 3611 204 3670 bus
222 3616 360 3670 addendo
376 3619 530 3684 procedas,
548 3618 685 3671 invenies

146 3701 256 3770 viginti
278 3706 341 3756 octo
363 3708 431 3757 nata
450 3705 487 3757 de
506 3708 620 3770 septem

146 3787 298 3841 similibus
317 3806 436 3857 quoque
456 3791 685 3857 dispensationi·

145 3873 205 3926 bus
232 3875 456 3928 hebdomadum
482 3877 607 3929 luminis
638 3877 686 3928 sui

147 3960 229 4012 vices
249 3961 430 4027 sempiterna
452 3963 518 4028 lege
541 3962 685 4015 variando

930 679 1072 731 Philonis

734 778 764 832 da·
789 779 835 832 καὶ
862 779 1048 850 προστιθέντες
1074 780 1102 832 τό
1128 779 1274 852 ἐλλειφθὲν

733 865 917 935 ὑφ’Ἑλλήνων
925 874 1057 938 στοιχεῖον
1066 865 1093 918 td
1104 869 1274 937 Στρανοῦσιν

734 952 770 1005 ἔτι
786 953 889 1022 μᾶλλον
900 953 947 1016 τήν
959 953 1087 1024 ἔμφασιν,
1108 949 1275 1024 ἐτυμώτερον

733 1055 832 1107 σεπτεμ
865 1038 1107 1110 προσαγορεύοντες
1141 1039 1198 1093 ἆπδ
1228 1042 1275 1093 τοῦ

733 1126 841 1193 σεμνοῦ,
868 1124 995 1194 καθάπερ
1021 1120 1131 1194 ἐλέχθη,
1159 1126 1204 1178 καὶ
1231 1143 1274 1179 σε·

733 1210 847 1277 βασμοῦ.

767 1296 854 1347 Anat.
878 1312 926 1362 pg.
945 1297 986 1352 36.
1023 1297 1134 1349 Πλάτων
1156 1295 1185 1361 ἐξ
1207 1296 1273 1350 ἑπτοῖ

735 1375 863 1450 ἀριθμῶν
889 1380 1030 1447 συνέστησε
1055 1384 1102 1448 τήν
1128 1383 1222 1454 ψυχήν
1243 1383 1274 1438 ἓν

736 1467 844 1536 Τιμαίῳ.

769 1827 817 1878 pg.
837 1811 878 1866 36.
915 1812 1044 1874 πλανῆται
1062 1810 1094 1874 ζ’.

769 2159 864 2222 Philo,
876 2173 925 2224 pg.
938 2156 980 2220 42,
991 2158 1031 2208 lo.
1055 2154 1086 2206 Οἵ
1096 2172 1127 2224 γε
1139 2155 1192 2224 μὴν
1206 2155 1275 2207 πλά-

734 2259 813 2308 νητες,
832 2240 846 2304 ἦ
866 2240 1024 2310 ἀντίρροπος
1044 2240 1150 2311 στρατιοέ
1168 2243 1275 2305 τῆςταῖν

736 2325 865 2381 ἀπλανῶν
878 2368 883 2379 .
895 2369 900 2379 .
912 2369 917 2379 .
931 2327 1054 2391 πλείστην
1063 2322 1276 2398 ἐπιδεικνύμενοι

735 2414 910 2483 συμπάθειαν
919 2411 986 2483 πρὸς
996 2411 1064 2480 ἀέρα
1074 2412 1119 2464 καὶ
1129 2415 1187 2482 γῆν.
1198 2431 1246 2468 κ.τ.
1253 2414 1275 2466 λ.

786 2503 872 2554 Anat.
903 2516 953 2567 pg.
980 2501 1021 2552 37.
1075 2495 1129 2552 οἷπὸ
1158 2498 1276 2568 μονάδος

735 2585 871 2640 συντεθεὶς
898 2585 911 2637 ὃ
939 2585 963 2647 ζ’
990 2593 1064 2637 ποιεῖ
1087 2585 1132 2637 τὸν
1158 2585 1201 2649 κη’
1229 2628 1253 2638 ..

736 2669 833 2741 ἡμέραι
851 2672 958 2735 σελήνης
976 2673 1046 2740 κη’ἳ)

772 3791 835 3840 καθ’
858 3787 1011 3859 ἑβδομάδας
1032 3793 1277 3860 συμπληρωθεῑσαι.

741 3876 823 3928 Idem
834 3877 1151 3945 accuratiusTheopg.
1161 3877 1278 3946 103193)

738 3960 794 4029 μήν
820 3960 851 4014 δὲ
879 3963 942 4012 καθ’
971 3960 1123 4032 ἑβδομάδας
1151 3961 1280 4034 τέσσαρας

148 4046 288 4112 disponit.
323 4041 431 4113 primis
462 4049 542 4101 enim
572 4052 686 4114 septem
738 4047 946 4116 συμπληροῦσαι,
969 4049 1001 4118 τῇ
1021 4047 1075 4120 μὲν
1096 4049 1185 4121 πρώτῃ
1203 4049 1280 4118 ἑβδο-

235 4236 255 4302 1)
275 4235 384 4288 Oonier
402 4236 533 4289 Chalcid.
552 4253 601 4304 pg.
623 4237 680 4301 105,
692 4237 732 4288 12.

233 4320 256 4388 ²)
274 4321 474 4388 Explanatius
491 4322 548 4375 hoc
567 4325 659 4375 refert
677 4323 762 4375 Philo
780 4339 829 4390 pg.
848 4323 889 4388 37,
900 4323 923 4376 7.

233 4406 254 4476 8)
274 4405 382 4460 Oooier
401 4408 489 4460 etiam
509 4408 603 4460 Philo.
621 4424 670 4475 pg.
689 4407 781 4472 37,14.
