3222 5166
680 455 1004 516 ·-36-

416 635 540 706 Procul
563 637 663 704 dubio
685 639 788 723 igitur
809 639 872 704 luit
895 639 1048 706 addictus
1064 641 1198 706 scholae
1214 639 1465 721 Peripateticae

330 741 397 822 ille,
422 761 519 822 quem
543 742 718 823 exscripsit
739 743 775 806 in
796 743 861 807 hau
884 737 1124 808 commentarii.
1139 748 1237 824 parte
1260 742 1464 809 Chalcidius.

332 845 446 927 Atque
480 864 556 911 cum
588 845 769 912 viderimus
803 846 836 910 iu
870 845 947 927 illis,
971 864 1056 928 quae
1079 847 1295 927 praecedunt,
1319 845 1465 926 quadra·

332 948 426 1034 ginta
448 950 595 1031 quinque
617 949 688 1014 lere
712 949 876 1030 capitibus
893 949 1035 1033 vestigia
1051 949 1215 1030 pressisse
1232 968 1307 1014 eum
1322 949 1466 1015 Adrasti

331 1053 614 1133 Peripatetici,
653 1071 794 1134 cumque
832 1053 1098 1135 cognoverimus,
1141 1069 1239 1132 quam
1277 1052 1377 1118 fucrit
1414 1053 1466 1118 in·

331 1143 495 1240 tellegens
529 1157 639 1221 rerum
674 1157 892 1236 prolatarum,
927 1174 1001 1221 oum
1036 1155 1179 1236 deniquo
1209 1155 1325 1221 eodem
1348 1160 1464 1222 tenore

333 1258 515 1339 eodemque
538 1259 724 1325 disserendi
747 1278 870 1342 genere
885 1258 1018 1342 prolata
1034 1259 1105 1325 sinc
1122 1260 1201 1339 ulla,
1228 1278 1316 1340 quae
1332 1259 1466 1340 quidem

332 1362 436 1443 possit
461 1359 615 1442 discerni,
639 1367 757 1428 sutura
780 1363 1009 1447 adiungantur
1032 1382 1083 1443 ea,
1114 1363 1154 1428 de
1179 1362 1300 1443 quibus
1324 1363 1465 1446 agimus,

333 1465 411 1546 quid
435 1465 559 1532 conicis
582 1466 725 1546 facilius
749 1467 829 1547 quid
851 1467 923 1532 veri
947 1467 1087 1534 similius
1111 1485 1210 1547 quam
1233 1467 1317 1531 haec
1333 1483 1466 1546 quoque

334 1563 535 1635 vindicanda
558 1586 633 1634 esse
657 1569 762 1634 eidem
786 1570 945 1635 Adrasto.
980 1571 1024 1634 Et
1046 1569 1109 1634 hoe
1125 1569 1338 1649 aliquatenus
1353 1573 1468 1650 potest

334 1673 522 1740 confirmari
545 1691 585 1738 ao
609 1673 827 1753 comprobari.
859 1674 933 1760 ,pg.
960 1677 1031 1753 170,
1044 1678 1149 1738 7—19
1174 1672 1271 1752 enirn,
1306 1672 1394 1752 quod
1423 1671 1464 1737 ad

334 1796 480 1857 sensum,
513 1777 614 1857 plane
649 1781 838 1860 congruunt
870 1796 943 1842 oum
973 1777 1026 1856 iis,
1062 1795 1149 1857 quae
1172 1794 1213 1841 ex
1237 1776 1386 1841 Adrasto
1410 1774 1466 1840 de·

334 1885 488 1962 prompta
521 1880 660 1964 legimus
694 1880 839 1946 Theonis
873 1880 948 1944 libri
981 1884 1348 1962 pg.187,13-188,7,
1386 1879 1465 1943 item

334 2003 387 2068 pg.
406 1989 477 2064 175,
492 1989 649 2064 11-119,
663 1988 712 2048 15.
729 1982 871 2049 Adrasti
894 2001 968 2048 esse
992 1983 1063 2048 veri
1090 1983 1293 2048 simillimum
1316 1983 1469 2049 lecerunt

335 2087 503 2152 Martinus
526 2091 560 2151 et
582 2087 701 2152 Hiller.
739 2087 860 2167 Itaque
883 2105 989 2167 usquo
1013 2086 1056 2152 ad
1078 2091 1276 2171 pg.179,15
1300 2086 1468 2151 minimum

337 2181 518 2256 Adrastum
542 2208 616 2255 esse
641 2208 836 2270 expressum
860 2209 881 2255 a
905 2188 1076 2255 Ohalcidio
1099 2195 1242 2270 constat,
1266 2190 1306 2255 de
1330 2189 1468 2270 reliquis

336 2293 500 2374 capitibus
535 2292 619 2358 adeo
652 2297 809 2358 constare
840 2292 984 2373 videtur,
1009 2299 1045 2358 ut
1067 2293 1146 2358 mihi
1170 2293 1303 2374 quidem
1325 2297 1466 2359 constet.
1514 2317 1518 2322 ·

421 2413 520 2479 Nunc
554 2413 700 2478 breviter
734 2413 834 2478 etiam
862 2433 912 2494 ea,
936 2433 1023 2494 quae
1045 2413 1155 2494 ipsum
1179 2412 1384 2480 Chalcidium
1410 2413 1468 2479 ad-

337 2517 460 2584 didisse
494 2535 625 2597 censeo,
658 2516 893 2600 perstringam.
939 2517 1016 2583 Huc
1049 2517 1218 2598 pertinent
1251 2535 1365 2583 omnes
1393 2517 1468 2596 loci,

337 2621 392 2702 qui
431 2621 554 2702 sumpti
591 2625 671 2686 sunt
704 2639 721 2685 e
756 2621 862 2686 sacris
895 2620 1098 2686 Iudaeorum
1137 2625 1171 2685 et
1204 2620 1468 2686 Christianorum

337 2723 480 2804 scriptis,
504 2742 587 2805 quos
612 2723 653 2789 ab
676 2723 734 2789 illo
757 2724 830 2804 ipso
854 2743 927 2790 esse
949 2724 1097 2790 insertos
1122 2743 1139 2790 e
1163 2723 1331 2789 nonnullis
1355 2741 1468 2789 eorum

338 2829 427 2892 clare
441 2827 568 2892 elucet.
603 2827 688 2892 Nam
713 2831 750 2892 ut
772 2827 1048 2908 praetermittam,
1072 2826 1158 2909 quod
1182 2827 1302 2894 inscite
1324 2827 1468 2908 plerum·

338 2950 401 3012 que
424 2930 530 2996 assuti
553 2930 587 2996 hi
610 2931 713 3012 panni
729 2931 812 2996 salis
829 2930 968 2996 absurdi
982 2929 1140 2997 videntur
1155 2931 1243 2996 inter
1259 2930 1468 3011 antiquorum

337 3033 609 3116 philosophorum
645 3034 781 3115 placita,
819 3034 853 3098 in
893 3034 945 3099 his
990 3033 1070 3100 solis
1117 3033 1310 3114 adloquitur
1354 3036 1470 3098 auctor

246 3217 248 3222 Ι
338 3136 488 3218 Hosium,
523 3137 618 3218 cuius
651 3137 747 3204 iussu
781 3157 864 3219 opus
899 3137 1468 3222 coniecitutpg.191,8:„quae

337 3240 393 3305 tibi
418 3241 521 3306 multo
539 3240 657 3306 melius
673 3245 751 3306 suut
766 3249 938 3321 comperta
954 3260 1054 3322 quarn
1070 3239 1212 3306 ceteris“
1234 3245 1266 3306 et
1282 3259 1335 3324 pg.
1351 3244 1422 3321 196,
1434 3243 1468 3304 6;

338 3352 397 3424 „ut
418 3344 541 3424 optime
564 3343 683 3410 nosti“.
718 3345 792 3410 Non
817 3345 927 3410 minus
950 3343 1048 3410 facile
1072 3345 1138 3410 alio
1162 3345 1233 3410 loco
1250 3343 1403 3428 (pg.254,
1417 3342 1469 3426 18)

338 3447 499 3515 sentimus
537 3447 579 3513 ab
616 3448 688 3530 ipso
727 3449 942 3529 compilatore
980 3449 1043 3514 hoc
1081 3466 1156 3515 esse
1193 3448 1353 3527 adlatum,
1395 3466 1468 3514 curu

337 3688 417 3739 Iovis
437 3687 598 3753 Capitolini
617 3686 751 3739 eburnei.
789 3687 864 3740 (lum
887 3701 982 3754 neque
1006 3687 1043 3740 de
1062 3687 1221 3754 Apollonio
1241 3686 1354 3738 artifice
1373 3700 1470 3752 neque

339 3774 376 3826 de
402 3773 457 3826 hac
484 3777 580 3825 statua
607 3773 771 3839 quidquam
800 3775 873 3826 certi
893 3773 932 3825 sit
950 3773 1093 3826 traditum
1112 3773 1387 3840 (Parrly-Wissowa
1405 3771 1469 3824 sub.

337 3860 497 3926 Apollonio
518 3858 586 3926 122),
605 3873 666 3910 non
684 3858 877 3911 temerarium
896 3861 941 3911 est
960 3858 1096 3910 conicere
1114 3861 1277 3924 utrumque
1294 3857 1387 3910 fuisso
1400 3857 1471 3910 satis

337 3947 481 4012 ignotum.
527 3943 607 4008 Quid
634 3959 705 4012 ergo
734 3945 893 3997 commovit
920 3945 1116 4008 Chalcidium,
1144 3945 1221 3997 hano
1249 3943 1412 4010 imaginem
1439 3947 1472 3996 ut

338 4030 474 4086 afferret?
512 4031 661 4083 Nimirum
688 4031 720 4083 in
748 4031 922 4098 exemplari,
949 4047 1008 4097 quo
1035 4045 1110 4084 usus
1139 4035 1184 4084 est
1210 4031 1270 4094 ille,
1298 4034 1401 4082 auctor
1421 4029 1470 4082 ad·

337 4119 478 4172 hibuerat
503 4117 581 4169 illud
609 4117 809 4170 clarissimum
829 4116 951 4169 Phidiae
978 4131 1054 4182 opus
1073 4116 1230 4183 Olympiae
1249 4116 1372 4180 uultum,
1391 4116 1471 4181 quod

339 4203 520 4267 chalcidius
548 4217 616 4254 cum
643 4202 829 4255 meminisset
846 4203 956 4254 Romae
984 4215 1050 4253 esse
1077 4201 1175 4253 simile
1204 4199 1286 4267 quid,
1310 4200 1366 4252 hoo
1384 4199 1471 4253 modo

337 4290 472 4354 mutavit,
491 4304 549 4356 quo
568 4288 664 4355 magis
683 4289 878 4354 persuaderet
896 4286 1001 4340 lectori
1020 4302 1110 4340 suum
1128 4287 1226 4354 ipsius
1245 4301 1312 4339 esse
1330 4301 1414 4352 opuS,
1441 4286 1471 4339 id

339 4375 497 4443 quodiam
515 4374 546 4426 in
565 4375 717 4440 prooemio
738 4373 890 4427 mentitur.
