3222 5166
580 489 795 550 „49-

123 673 340 756 symphoniae
364 672 530 752 simplices
554 693 595 739 ao
616 673 743 755 primae
767 679 844 740 sunt
862 680 941 754 tres,
966 672 1086 754 quibus
1103 673 1253 753 reliquae

122 773 327 858 (copulatae)
350 781 517 856 constant,
551 795 618 842 una
648 780 710 842 etc.
719 773 742 861 ¹)
777 774 924 861 (Eulog.:
938 781 1016 848 ,tres
1040 782 1119 842 sunt
1140 777 1254 857 itaque

123 880 339 964 symphoniae
373 880 539 960 simplices
571 899 611 946 ac
636 880 842 964 primigenae
867 878 947 963 ...).
995 881 1144 961 Uterque
1168 900 1254 962 sym-

122 984 320 1065 phoniarum
346 985 494 1050 rationes
518 989 555 1049 ut
576 983 734 1064 illustret,
769 984 905 1066 exponit
931 1003 989 1054 eas
1013 984 1099 1049 elfici
1124 984 1256 1060 chordis

124 1086 267 1154 diversis
301 1087 359 1153 sed
394 1086 477 1153 ratis
512 1086 667 1152 distentis
700 1087 904 1168 ponderibus
937 1086 1033 1170 (Far.
1061 1107 1114 1172 pg.
1140 1094 1190 1168 15,
1204 1093 1256 1169 30,

125 1188 224 1256 Cens.
247 1209 300 1274 pg.
327 1187 454 1273 17‚24).
500 1191 635 1270 Itaque·
650 1209 722 1256 cum
748 1188 966 1256 Censorinum
993 1191 1078 1256 haec
1100 1191 1257 1257 hausisse

125 1313 142 1358 e
166 1295 319 1359 Varrone
343 1297 482 1373 constet,
506 1293 607 1359 etiarn
629 1294 694 1359 hac
716 1293 972 1361 ratiocinatione
987 1295 1129 1360 Favonii
1155 1314 1256 1376 quae·

124 1402 238 1463 rentes
253 1395 379 1462 fontem
395 1396 590 1481 delegamur
605 1396 648 1464 ad
665 1398 861 1478 Varronem,
885 1416 945 1463 nec
961 1398 1145 1480 miraberis,
1170 1398 1257 1480 quod

125 1520 190 1566 non
227 1501 327 1582 plane
364 1499 413 1564 illi
450 1499 663 1567 consentiunt
694 1537 738 1546 --
775 1499 839 1565 nisi
876 1501 1019 1566 mutavit
1053 1499 1257 1568 Censorinus

125 1604 289 1670 Varronis
313 1603 418 1668 verba
440 1639 481 1647 —
504 1603 533 1668 si
556 1603 825 1669 consideraveris
850 1602 1070 1671 Censorinum
1105 1623 1168 1671 sua
1202 1606 1257 1671 de·

125 1707 329 1788 prompsisse
353 1725 370 1773 e
391 1703 576 1786 Tuberone,
599 1707 786 1773 Favonium
811 1710 923 1772 autem
948 1707 1018 1772 veri
1043 1708 1194 1774 similiter
1217 1729 1258 1773 ex

127 1811 193 1875 alio
218 1810 361 1891 quodam
378 1809 543 1875 Varronis
560 1829 671 1890 opere,
694 1809 837 1889 fortasse
854 1829 871 1874 e
888 1809 980 1876 libris
996 1810 1257 1892 Disciplinarum

125 1915 180 1980 vel
196 1914 306 1994 potius
321 1913 388 1992 illo,
413 1913 464 1979 cui
482 1919 557 1979 erat
572 1914 689 1980 titulus
711 1913 772 1995 „de
788 1913 960 1995 principiis
977 1915 1210 1980 numerorum‘
1222 1915 1256 1997 ²).

127 2016 300 2100 Quomodo
324 2022 436 2082 autem
458 2016 530 2081 fieri
552 2017 710 2098 potuerit,
734 2023 769 2082 ut
790 2017 826 2082 in
841 2017 901 2082 illa
916 2018 1084 2098 particula
1100 2025 1167 2083 tam
1186 2023 1257 2084 arto

127 2121 330 2186 cohaereant
345 2119 538 2186 Chalcidius
562 2120 794 2200 ethonomus,
818 2139 1020 2202 quamquam
1044 2123 1131 2186 alter
1151 2123 1258 2202 sequi·

127 2233 182 2290 tur
216 2223 409 2303 Adrastum,
445 2224 531 2288 alter
553 2225 750 2304 Varronem,
784 2225 847 2290 hoc
880 2229 960 2291 tunc
993 2226 1123 2292 demum
1158 2227 1258 2307 plane

127 2327 320 2408 perspicies,
356 2346 430 2393 cum
452 2331 556 2393 totam
581 2327 667 2392 hanc
689 2327 1020 2394 dissertatiunculam
1042 2330 1257 2409 percurreris.

215 2430 310 2512 Quae
346 2435 533 2510 sequuntur
565 2430 600 2495 in
622 2431 820 2496 Favoniano
850 2431 933 2496 libro
956 2428 1259 2515 lpg.1o‚12sqq.)‚

128 2554 145 2600 c
181 2533 331 2599 Varrone
366 2533 462 2600 nobis
496 2533 635 2599 tradidit
668 2534 799 2601 Cellius
832 2535 1029 2615 11111114,
1066 2535 1100 2600 in
1139 2536 1259 2615 quihus

128 2637 365 2721 gravissimum
400 2643 459 2717 est,
495 2637 583 2717 quod
618 2641 737 2704 neuter
760 2637 912 2704 Graecas
947 2657 1046 2704 voces
1078 2634 1258 2722 (ἡμιόλιος,

128 2741 314 2823 ἐπίτριτος,
330 2738 511 2823 ἐπόγὸοος)
534 2740 569 2804 in
586 2741 743 2806 Latinum
761 2746 957 2806 convertere
975 2740 1161 2825 conatur³)‚
1185 2762 1260 2808 cum

130 2844 188 2910 alii
211 2845 311 2909 etiam
334 2845 466 2910 Latinis
500 2843 674 2910 vocabulis
709 2863 767 2910 eas
793 2844 934 2910 reddere
959 2845 1032 2911 ausi
1055 2846 1130 2911 sint.
1176 2847 1258 2912 Turn

130 2949 247 3015 confer

262 3119 372 3172 Favon.
390 3133 439 3184 pg.
460 3117 499 3181 18,
509 3118 533 3170 5.
873 3117 959 3172 Cena.
978 3135 1027 3186 pg.
1046 3119 1087 3185 23,
1098 3121 1121 3172 6.

165 3262 207 3276 ...
223 3223 413 3276 doctissimus
425 3221 477 3274 illc
488 3221 672 3289 Pythagoras
761 3262 767 3273 .
781 3259 787 3273 .
802 3262 807 3274 .
826 3221 869 3274 ita
882 3223 1064 3290 Pythagoras
1084 3227 1156 3290 quot
1169 3224 1265 3276 stadia

131 3308 274 3362 ostendit:
303 3309 356 3376 qui
374 3322 390 3359 a
408 3309 616 3374 'ferreusque
635 3309 673 3360 ad
725 3307 803 3360 inter
823 3312 934 3360 terram
956 3313 985 3362 et
1007 3310 1143 3376 singulas
1165 3310 1265 3362 stellas

130 3395 219 3447 illum
229 3395 382 3458 verticem,
396 3394 448 3461 qui
461 3392 572 3446 dicitur
587 3388 672 3445 ἁπλα-
726 3398 826 3446 essent
853 3394 998 3447 indicavit
1107 3395 1201 3461 igitur
1228 3395 1264 3447 ab

131 3481 185 3547 riis,
213 3480 374 3534 duodecim
401 3479 542 3532 emitonia
571 3484 673 3546 patere
726 3485 806 3533 terra
824 3480 862 3532 ad
879 3480 983 3532 lunam
1004 3480 1188 3548 Pythagoras
1210 3498 1264 3547 pu·

132 3569 286 3635 cognovit:
323 3580 452 3634 quorum
489 3565 597 3619 divisio
635 3566 672 3618 ad
726 3566 799 3619 tavit
838 3580 903 3618 esse
946 3567 1110 3618 stadiorum
1147 3567 1266 3620 circiter

133 3655 221 3722 dupli
239 3653 545 3717 comminationem,
567 3653 593 3704 si
608 3657 673 3705 octo
727 3656 849 3704 centum
868 3651 975 3717 viginti
993 3666 1047 3703 sex
1060 3651 1151 3715 milia,
1174 3653 1266 3719 idque

132 3741 171 3793 ad
194 3740 420 3806 quaternarium
441 3754 604 3792 numerum
627 3754 673 3791 re·
727 3752 792 3790 esse
824 3738 886 3790 toni
916 3737 1119 3802 intervallum
1150 3753 1166 3789 a
1194 3737 1267 3789 luna

132 3827 211 3878 ferre
238 3825 379 3877 volueris,
423 3826 561 3890 Namque
590 3823 631 3876 ait
658 3839 674 3876 a
727 3827 826 3876 autem
845 3823 883 3874 ad
898 3823 1030 3875 Mercuri
1047 3824 1172 3890 stellam,
1192 3839 1267 3890 quae

222 3980 243 4047 ¹)
262 3981 428 4033 Memoratu
456 3979 582 4046 dignum
611 3983 663 4043 est,
692 3977 773 4045 quod
792 3978 881 4030 etiam
899 3977 949 4030 illa
967 3979 1100 4031 musicae
1119 3993 1187 4030 oum
1206 3981 1269 4030 arte

134 4066 328 4135 grammatica
347 4067 527 4132 comparatio
545 4065 668 4132 (Favon.
681 4081 731 4132 pg.
747 4064 786 4129 14,
797 4063 839 4122 311
859 4069 956 4117 exstat
974 4065 1055 4131 apud
1069 4065 1267 4117 Censorinum

190 4193 196 4206 .
233 4179 236 4186 ·
268 4155 304 4205 5.

134 4153 189 4250 (με
217 4153 513 4306 1²{elmanensem
533 4251 635 4303 opusc.
654 4237 708 4302 ΙΠ,
729 4252 779 4304 pg.
797 4237 856 4290 448.

220 4325 244 4393 ³)
263 4324 349 4378 Geli:
379 4324 448 4390 „qui
476 4324 513 4376 de
540 4323 676 4375 numeris
704 4324 811 4376 Latine
838 4323 1034 4389 scripserunt,
1063 4325 1177 4376 Graeca
1206 4323 1270 4388 ipsa

138 4411 290 4475 dixerunt,
308 4410 424 4478 fingere
444 4414 541 4462 autem
561 4411 664 4462 nostra
748 4411 934 4462 noluerunt.“

1134 4497 1152 4548 4
