3222 5166
601 483 814 543 ..37-

143 665 370 730 Hebraeorum
406 665 559 731 doctrina
593 667 759 746 explicata
785 667 904 730 mirum
928 686 1029 747 quam
1053 677 1150 734 acute
1172 676 1271 750 atque

141 767 376 852 intellegenter
398 768 504 834 addit:
529 769 647 851 „Quae
670 771 781 835 omnia
802 769 897 834 nobis
913 769 1090 836 adversum
1108 772 1272 854 Empedo-

142 872 215 937 clea
237 890 391 953 quoque
415 872 505 937 dieta
528 871 637 953 sunt‘,

227 975 288 1059 Pg.
302 981 375 1054 323,
388 980 429 1040 28
445 975 662 1041 inveniuntur
676 976 776 1041 haec:
794 977 912 1056 „Nunc
928 977 995 1042 iam
1010 976 1272 1060 Pythagoricum

141 1079 263 1162 dogma
284 1084 512 1145 recenseatur.
558 1079 743 1145 Numenius
771 1098 813 1144 ex
836 1071 1052 1163 Pythagorae
1080 1080 1273 1163 magisterio

142 1181 328 1247 Stoicorum
351 1183 414 1247 hoc
437 1182 477 1247 de
500 1182 603 1248 initiis
627 1182 748 1266 dogma
771 1182 929 1248 refellens
952 1184 1166 1268 Pythagorae
1193 1180 1272 1266 dog-

141 1284 252 1350 mate“
287 1289 349 1350 etc.
396 1285 448 1350 Ac
480 1286 620 1367 primum
657 1286 741 1351 mira
775 1290 826 1350 est
859 1285 919 1350 illa
948 1286 1072 1352 tumide
1095 1286 1271 1351 inducendi

141 1388 228 1454 ratio
240 1386 274 1470 ¹),
298 1407 366 1470 qua
388 1389 480 1454 nullo
504 1389 570 1454 alio
593 1389 665 1454 loco
689 1407 770 1454 usus
794 1393 846 1454 est
869 1395 996 1469 auctor,
1020 1394 1090 1456 tum
1113 1390 1272 1473 legentes,

142 1510 229 1571 quae
253 1492 398 1573 exponit,
428 1491 525 1558 facile
553 1492 776 1576 intellegimus
800 1511 840 1557 ea
864 1493 997 1557 omnino
1021 1493 1132 1558 aliena
1155 1511 1229 1558 esse
1254 1512 1274 1558 a

141 1596 380 1661 commentario
418 1596 459 1660 ad
498 1596 671 1661 Timaeum
709 1595 943 1677 explicandum
981 1596 1173 1677 composito,
1215 1596 1274 1662 sed

142 1702 277 1779 sumpta
300 1717 375 1765 esse
399 1719 417 1765 e
440 1699 525 1765 libro
556 1699 698 1781 quodam
722 1699 888 1780 Numenii,
923 1719 988 1780 quo
1013 1699 1198 1766 Stoicorum
1233 1699 1273 1765 de

141 1801 284 1867 materia
316 1802 518 1868 indifferenti
552 1803 721 1868 sententia
743 1803 869 1868 aeriter
892 1803 1162 1886 impugnabatur,
1187 1802 1272 1884 quod

142 1903 282 1986 denique
316 1911 406 1972 recte
434 1925 495 1973 nos
519 1906 695 1990 collegisse
719 1907 931 1972 manifestum
955 1907 991 1972 fit
1013 1908 1169 1972 Numenii
1192 1906 1274 1988 ipsis

143 2008 254 2074 verbis
277 2007 342 2094 (pg.
367 2009 500 2090 327,2):
536 2011 676 2091 „ltaque
711 2009 738 2076 si
773 2009 856 2076 deus
891 2030 964 2076 eam
994 2011 1149 2092 correxit,
1173 2011 1273 2077 utin

142 2112 300 2178 Timaeo
324 2113 503 2196 loquitur
525 2113 680 2194 Plato“,
715 2113 836 2195 quippe
868 2134 885 2179 e
909 2114 1127 2195 quibusluee
1151 2114 1274 2180 clarius

143 2216 253 2281 elucet
268 2215 487 2298 Chalcidium,
505 2223 541 2283 ut
556 2218 668 2284 solent
683 2217 929 2299 compilatores
946 2237 987 2283 ea
1002 2218 1275 2299 transsumpsisse

142 2338 208 2385 non
246 2319 521 2401 considerantem,
560 2321 722 2402 quomodo
759 2321 818 2387 illa
860 2320 1080 2403 temperando
1120 2320 1277 2386 redderet

141 2423 261 2490 idonea
295 2423 337 2488 ad
372 2443 467 2490 suum
502 2422 752 2506 propositum2).
800 2424 895 2505 Quae
930 2416 1065 2505 praeter
1094 2425 1178 2490 haec
1201 2443 1275 2505 per·

142 2545 250 2607 pauca
273 2546 290 2592 e
314 2545 377 2593 sua
399 2527 586 2594 litterarum
609 2529 706 2610 copia
729 2547 977 2608 nonnumquam
1000 2547 1118 2609 parum
1135 2527 1276 2594 feliciter

142 2634 192 2710 lut
214 2648 268 2714 pg.
293 2635 366 2711 297,
381 2630 433 2713 19)
458 2631 585 2697 addidit
607 2631 810 2712 OlralcidiuS,
835 2631 957 2697 afferre
980 2631 1219 2713 praetermitto.

227 2734 359 2816 Restat,
393 2739 431 2800 ut
465 2735 565 2800 etiam
601 2736 640 2802 dc
663 2736 715 2815 iiS,
738 2755 825 2816 quae
849 2754 987 2801 causam
1012 2755 1195 2816 ausamque
1219 2735 1275 2800 de·

142 2837 264 2902 derunt
286 2839 386 2905 huius
410 2838 661 2920 disquisitionis,
695 2839 726 2904 id
752 2839 875 2918 estiis,
911 2858 997 2919 quae
1025 2840 1150 2920 profert
1175 2837 1274 2905 Chal·

142 2939 247 3007 eidius
272 2940 312 3006 de
336 2946 411 3007 ortu
435 2937 568 3008 animae
591 2941 657 3028 (pg.
676 2941 837 3024 91-106)
861 2948 895 3008 ct
916 2948 1096 3026 praeterea
1119 2944 1158 3009 de
1181 2942 1274 3026 geni·

117 3048 219 3109 'tura
252 3044 364 3110 mundi
397 3057 463 3130 (pg.
490 3046 639 3127 74-91),
673 3066 784 3128 pauca
807 3047 936 3128 loquar.
982 3047 1097 3127 Atque
1122 3066 1163 3112 ea
1185 3065 1274 3127 pars,

142 3165 227 3228 quae
251 3153 301 3214 est
325 3149 365 3214 de
390 3155 466 3215 ortu
490 3151 631 3229 animae,
654 3156 721 3215 tam
747 3155 820 3215 arte
844 3152 1002 3215 cohaeret
1021 3169 1096 3215 eum
1112 3151 1164 3231 iis,
1188 3169 1274 3230 quae

142 3251 283 3318 Adrasti
318 3271 392 3319 esse
428 3253 525 3319 docet
547 3255 649 3333 Theo,
685 3260 722 3319 ut
751 3255 840 3320 nullo
864 3253 960 3319 modo
983 3253 1089 3334 possit
1112 3253 1275 3333 separari,

142 3360 175 3420 et
209 3354 346 3438 insuper
368 3356 575 3424 Adrasteam
608 3357 662 3423 hic
691 3357 786 3423 reddi
811 3357 999 3438 explicandi
1022 3357 1185 3423 rationem
1207 3356 1274 3420 iam

142 3457 267 3523 dudum
288 3459 402 3526 Procli
436 3460 578 3541 quodam
613 3462 686 3526 loeo
720 3462 819 3529 nixus
851 3460 1093 3526 demonstravit
1116 3458 1274 3541 Hiller³);

231 3630 247 3697 ¹)
266 3629 322 3683 Oui
341 3631 481 3696 concinit,
500 3633 581 3698 quod
599 3632 631 3684 in
649 3633 706 3684 hac
724 3631 811 3684 brevi
830 3631 1041 3684 dissertatione
1054 3635 1100 3683 ter
1112 3629 1276 3682 advocatur

142 3716 285 3768 Numenii
304 3717 470 3770 auctoritas.
501 3717 631 3770 Videtur
649 3717 821 3770 Chalcidius
839 3733 901 3769 non
919 3733 1008 3784 posse
1027 3717 1086 3769 sibi
1104 3717 1275 3769 satisfacere

141 3803 174 3854 in
193 3803 378 3868 ostentando,
406 3819 496 3870 quam
523 3804 700 3871 gravissima
726 3804 787 3856 sint
808 3803 888 3867 haec,
917 3803 1033 3856 scilieet
1051 3818 1128 3869 quae
1146 3803 1211 3868 ipse
1229 3802 1274 3854 in·

143 3888 271 3955 degerit.

227 3973 248 4041 2)
266 3976 363 4028 Etiam
391 3991 433 4042 ea,
461 3992 535 4043 quae
564 3992 646 4042 capp.
667 3975 801 4030 loo-101
828 3974 890 4042 (pg.
909 3975 968 4040 328,
979 3974 1105 4038 12-329,
1116 3975 1161 4038 24)
1183 3976 1274 4027 eonti-

142 4064 262 4126 nentur,
280 4062 430 4114 Numenio
448 4062 598 4115 adiudico.
633 4065 709 4115 Nam
726 4062 759 4114 in
778 4062 826 4114 his
845 4076 964 4128 quoque
982 4061 1135 4113 beneficae
1157 4061 1275 4114 divinae

142 4151 172 4200 at
198 4147 345 4214 malignae
373 4149 521 4201 silvestris
548 4149 715 4200 animarum
742 4149 775 4201 fit
806 4147 927 4212 mentio,
959 4162 1036 4214 quae
1066 4147 1202 4199 doctrina
1233 4154 1277 4200 est

143 4233 295 4297 Numenii,
313 4238 468 4300 praeterea
486 4235 519 4286 in
537 4233 592 4286 hcc
604 4238 688 4300 parte
703 4235 766 4286 sola
779 4233 909 4286 occurrit
921 4248 1032 4285 nomen
1044 4233 1275 4287 Platonicorum.

227 4319 248 4386 ⁸)
266 4319 285 4370 l.
303 4320 322 4372 1.
359 4317 474 4382 Quodsi
500 4320 533 4371 in
560 4320 615 4371 hac
635 4318 782 4372 chalcidii
809 4317 1011 4385 disputatione
1035 4316 1190 4371 invenitur
1207 4336 1275 4386 pra

142 4406 325 4458 nuntiatum:
356 4406 459 4470 „Quod
485 4405 518 4457 in
545 4406 600 4458 hoc
628 4405 690 4457 solo
717 4405 795 4458 libro
820 4407 918 4458 facere
936 4404 1200 4456 animadvertitur“
1221 4411 1275 4457 etr.
