3222 5166
798 467 1011 525 ..12-

339 652 380 717 da
398 651 544 717 nurnaris
561 669 741 731 eorumque
756 649 935 715 virtutibus
948 649 1206 730 disputationem
1218 647 1308 735 (pgg.
1321 656 1471 716 93-106

341 752 470 836 Hillar).
522 754 615 836 Quae
650 754 695 819 ibi
729 758 943 833 enarrantur,
978 752 1144 818 simillima
1178 757 1258 819 sunt
1293 754 1346 834 iis,
1383 771 1471 835 quae

340 863 457 925 extant
472 857 559 938 apud
578 857 784 936 Anatolium,
801 855 884 921 adeo
902 866 938 921 ut
950 855 1150 940 Heibargius
1165 857 1314 922 Anatolii
1330 856 1472 940 singulis

340 963 421 1029 lonis
445 980 496 1042 aa,
530 979 617 1043 quae
641 961 808 1026 habentur
832 959 921 1040 apud
944 961 1123 1040 Thoonem,
1157 966 1326 1042 tamquam
1358 959 1472 1026 varias

339 1066 502 1132 lectiones
525 1064 700 1130 addiderit.
746 1063 910 1131 conteras
934 1063 1033 1129 velim
1060 1065 1159 1130 haee:

540 1251 680 1304 Anatolii.

374 1357 417 1421 29,
426 1357 450 1409 4.
468 1350 630 1407 τοσοῦτονδὲ
642 1350 810 1423 προλέγομεν
822 1355 880 1418 νῦν,

341 1441 379 1496 ότι
397 1443 423 1493 oi
435 1439 615 1509 Πυθαγόρειοι
634 1439 680 1491 τόν
697 1438 784 1492 πάντα
803 1435 881 1508 άριθ-

340 1528 395 1598 μδν
412 1525 450 1583 εἰς
468 1525 534 1580 δέκα
552 1523 662 1593 άνῆγον,
677 1523 746 1594 άπερ
767 1523 833 1578 δέκα
852 1523 883 1578 δὲ

341 1610 428 1670 οὐδεὶς
446 1613 483 1667 ἔτι
501 1609 624 1680 άριθμός,
642 1605 673 1665 έν
690 1610 762 1680 πάση
776 1605 882 1674 αὐξήσει

342 1699 423 1752 πάλιν
441 1697 519 1770 ἡμῶν
535 1691 752 1767 ἐπιστρεφόντων
768 1691 814 1750 ε’πὶ
832 1717 882 1765 μο-

342 1786 412 1838 νάδα
429 1783 496 1854 μετά
514 1783 542 1836 τό
554 1783 778 1854 συμπληροῦσθαι
792 1785 883 1836 πάσαν

342 1872 456 1926 δεκάδα·
484 1867 551 1922 dita
573 1869 627 1934 καί,
655 1866 693 1921 ότι
714 1867 745 1922 έκ
763 1869 884 1936 τετράδος

342 1960 493 2012 συνίσταται
511 1955 525 2020 ἧ
544 1955 629 2022 δεκάς,
656 1953 694 2011 εἰς
719 1954 751 2007 τά
770 1957 884 2026 μάλιστα

341 2045 388 2108 την
404 2043 544 2113 τετρακτδν
561 2037 668 2112 ἐτίμων.

377 2303 470 2369 30,18.
490 2301 555 2356 δυάς
566 2296 636 2370 άργή
648 2299 769 2369 ἀριθμοῦ
776 2315 781 2326 “
793 2298 883 2368 πρώτη

344 2388 409 2452 αὔξη
436 2387 481 2439 καί
508 2385 637 2454 μεταβολη
664 2385 702 2441 εἰς
729 2384 816 2438 δυάδα
839 2383 884 2436 καὶ

344 2473 542 2543 διπλασιασμόν
558 2475 601 2538 τῆς
613 2472 742 2542 μονάδος·
762 2511 807 2526 ...
827 2470 885 2539 ἔχει

343 2560 371 2614 τό
388 2555 522 2628 άνάλογον
534 2561 566 2630 τῇ
578 2557 626 2630 ὕλη
640 2558 685 2610 καὶ
698 2557 777 2611 παντὶ
790 2555 886 2619 αἰσθη-

343 2649 391 2718 τῷ·
494 2643 532 2698 ἔτι
566 2643 612 2698 καὶ
647 2645 741 2708 ταύτην
772 2638 887 2698 ἐκάλουν

344 2733 455 2796 κίνησιν,
473 2728 587 2800 γένεσιν,
605 2729 760 2800 μεταβολήν,
785 2729 900 2798 διαίρε-ι

344 2835 394 2883 σιν,
421 2819 511 2888 μῆκος,
540 2816 657 2881 αὔξησιν,
685 2815 837 2879 κοινωνίαν,
859 2815 886 2867 τό

345 2905 412 2973 πρός
429 2922 459 2968 τι,

379 2991 420 3056 34,
430 2992 455 3044 6.
482 2988 543 3052 ἑξάς
570 2990 674 3056 πρῶτος
695 2986 790 3042 τέλειος
808 2981 886 3056 άριθ-

344 3076 405 3146 μός·
432 3083 485 3132 τοῖς
508 3076 563 3144 γάρ
582 3071 660 3139 αότῆς
677 3069 788 3143 μέρεσιν
806 3068 887 3140 άριθ-

344 3169 434 3233 μεῐται
453 3162 479 3214 α’
498 3160 524 3230 β’
543 3161 580 3229 γ’,
609 3158 718 3213 άποιεῖ
732 3159 777 3212 τδν
795 3159 821 3216 ς’

345 3247 465 3312 κέκληται
483 3247 513 3302 δέ
531 3248 625 3318 γάμος,
652 3245 717 3298 διότι
741 3240 819 3300 αότός
835 3243 888 3312 μέν

345 3343 397 3391 τοῖς
423 3333 520 3388 ἑαυτοῦ
545 3330 659 3403 μέρεσίν
676 3329 747 3384 ἐστιν
766 3334 827 3398 ἴσος,
854 3330 888 3388 τός

346 3420 484 3486 δέδεικται,
502 3421 548 3472 καὶ
567 3418 656 3487 γάμου
675 3416 795 3486 ἔργοντὸ
809 3417 888 3488 ὅμοια

346 3514 434 3560 ποιεῖν
450 3507 482 3557 τά
501 3504 600 3574 ἔκγονα
619 3512 670 3559 τοῖς
687 3507 801 3572 γονεῦσι.
824 3505 886 3556 καθ’

346 3592 429 3656 ἑξάδα
456 3593 562 3660 πρῶτον
589 3588 697 3654 συνέστη
723 3589 737 3652 ἦ
757 3589 888 3660 ἁρμονική

345 3680 455 3749 μεσότης
472 3674 621 3747 ληφθέντος
638 3678 685 3729 τοῦ
705 3677 730 3734 ς’
757 3674 887 3743 ἐπιτρίτου

345 3763 398 3836 μέν
416 3766 495 3835 λόγου
513 3766 558 3816 τοῦ
577 3764 610 3828 η’,
637 3763 776 3816 διπλασίου
796 3759 826 3814 δέ
843 3763 889 3813 τοῦ

346 3851 394 3919 ιβ’·
422 3853 458 3922 τῷ
484 3849 538 3919 γάρ
567 3844 638 3920 αὐτῷ
664 3845 741 3918 μέρει
760 3847 773 3900 ό
792 3844 817 3911 η’
835 3849 889 3899 τῶν

347 3937 440 4006 άκρτυν
458 3933 586 4004 ὑπερέχει
603 3933 649 3986 καί
668 3929 835 4003 όπερὲγεται.

565 4039 589 4074 κ.
608 4038 627 4074 τ.
647 4021 668 4073 λ.

382 4211 456 4275 35,6.
488 4208 605 4279 έβδομδς
633 4208 702 4279 μόνη
733 4211 786 4260 τῶν
814 4206 890 4262 ε’ντὸε

348 4295 458 4352 δεκάδος
476 4291 507 4348 ου’
525 4298 610 4365 γεννᾷ
626 4289 689 4348 οὐδὲ
701 4297 827 4363 γεννᾶται
844 4293 888 4346 ὑπ’

348 4381 430 4448 άλλου,
455 4377 576 4452 άριθμοῦ
603 4381 671 4444 πλην
689 4381 741 4434 όπδ
759 4381 888 4452 μονάδος.

1134 1251 1272 1305 Theonis.

968 1355 1010 1420 99,
1021 1355 1061 1406 17.

1088 1438 1175 1492 πάντα
1192 1437 1246 1508 μέν
1262 1439 1316 1509 γάρ
1334 1439 1379 1492 τόν
1393 1435 1474 1508 άριθ-

933 1525 987 1594 μόν
1003 1523 1041 1581 εἰς
1058 1524 1159 1578 δεκάδα
1172 1525 1283 1594 ἤγαγον,
1301 1521 1394 1589 έπειδη
1405 1523 1474 1593 ὑπὲρ

934 1610 1035 1666 δεκάδα
1054 1607 1142 1666 οόδείς
1159 1609 1230 1665 έστιν
1248 1607 1372 1682 άριθμός,
1396 1610 1427 1666 έν
1443 1613 1475 1680 τῇ

933 1693 1039 1760 αόξησει
1057 1697 1137 1750 πάλιν
1153 1697 1231 1768 ἡμῶν
1255 1698 1476 1768 όπουτρεφόντων

933 1778 980 1838 ἐπὶ
1009 1783 1117 1853 μονάδα
1148 1782 1194 1835 καὶ
1226 1783 1313 1837 δυάδα
1342 1784 1389 1838 καὶ
1417 1784 1476 1840 τοδε

934 1870 1003 1936 έξῆς
1030 1870 1077 1933 την
1102 1867 1133 1922 δέ
1160 1869 1261 1923 δεκάδα
1289 1868 1335 1924 tut
1363 1872 1476 1940 τετράδα

935 1959 1123 2012 συνίστασθαι·
1152 1952 1183 2008 έν
1203 1955 1257 2024 γάρ
1275 1954 1322 2008 καὶ
1339 1956 1366 2024 β’
1383 1947 1429 2010 καὶ
1447 1957 1475 2026 γ’

936 2043 982 2096 καί
1000 2042 1026 2095 δ’
1052 2035 1108 2095 ἐστὶ
1126 2041 1153 2107 ι’,
1178 2039 1248 2094 ὥστε
1274 2041 1332 2099 τοδς
1358 2044 1477 2098 δυνατω-

934 2132 1024 2184 τάτους
1047 2123 1181 2198 άριθμοός
1202 2127 1275 2184 ὲντὸς
1297 2133 1339 2194 τῆς
1356 2129 1477 2201 τετράδος

937 2220 1112 2284 θεωρεῖσθαι.
1325 2264 1328 2268 .

972 2302 1030 2367 100,
1039 2303 1063 2354 9.
1100 2299 1189 2369 πρώτη
1208 2299 1239 2355 δέ
1256 2301 1321 2366 αὔξη
1340 2301 1387 2354 καὶ
1397 2319 1478 2371 μετα-

935 2387 998 2456 finiri
1025 2383 1056 2440 έκ
1081 2384 1200 2457 μονάδος
1228 2386 1266 2444 εἰς
1295 2386 1383 2440 δυάδα
1412 2387 1478 2440 κατά

937 2473 1134 2543 διπλασιασμόν
1151 2475 1195 2539 τῆς
1220 2475 1345 2543 μονάδος,
1372 2475 1436 2525 καθ’
1446 2471 1478 2537 ἣν

936 2557 984 2623 ὕλη
1003 2558 1049 2611 καὶ
1067 2561 1168 2612 πάντά
1187 2559 1316 2624 αἰσθητόν
1333 2559 1379 2613 καὶ

938 2733 952 2798 ἡ
972 2731 1074 2802 γένεσις
1091 2734 1137 2786 καί
1155 2732 1169 2796 ἦ
1188 2733 1288 2796 κίνησις
1306 2733 1351 2786 καὶ
1371 2731 1384 2796 ἡ
1400 2731 1477 2794 αόξη-

938 2839 977 2876 σις
994 2818 1040 2872 καὶ
1060 2818 1073 2883 ἦ
1092 2818 1218 2874 σύνθεσις
1235 2817 1281 2872 καὶ
1293 2818 1420 2871 κοινωνία
1433 2815 1478 2870 καὶ

938 2907 966 2960 τό
984 2907 1051 2974 πρός
1067 2925 1097 2959 τι,

974 2993 1032 3059 102,
1041 2997 1065 3046 4.
1102 2990 1116 3043 ό
1143 2989 1174 3045 δέ
1201 2992 1226 3051 ς’
1256 2987 1359 3048 τέλειος,
1388 2985 1479 3050 ἐπειδη

938 3087 990 3134 τοῖς
1008 3077 1103 3131 ἑαυτοῦ
1120 3073 1234 3147 μέρεσίν
1258 3071 1328 3130 ἐστιν
1355 3077 1417 3139 ἴσος,
1446 3071 1480 3128 ὥς

940 3162 1082 3219 δέδεικται
1102 3162 1143 3216 διδ

939 3250 985 3303 καὶ
1003 3249 1094 3319 γάμον
1113 3247 1195 3301 αὐτόν
1212 3243 1333 3312 ἐκάλουν,

939 3418 998 3476 ἐπεὶ
1026 3422 1115 3489 γάμου
1142 3419 1224 3489 ἔργον
1251 3418 1330 3490 ὅμοια
1357 3425 1430 3472 ποιεῖ
1450 3417 1480 3470 τά

940 3507 1039 3577 ἔκγονα
1056 3514 1109 3562 τοῖς
1126 3507 1241 3574 γονεῦσι.
1269 3504 1314 3557 καὶ
1332 3504 1399 3557 κατά
1423 3506 1481 3556 τοῦ·

939 3611 984 3645 τον
1002 3590 1032 3645 δὲ
1050 3595 1156 3661 πρῶτον
1174 3588 1284 3656 συνέστη
1309 3591 1322 3654 ἦ
1351 3589 1481 3662 άρμονικη

938 3677 1049 3749 μεσότης
1066 3675 1215 3746 ληφθέντος
1232 3679 1277 3730 τοῦ
1298 3678 1324 3736 ς’
1351 3673 1481 3743 ἐπιτρίτου

939 3763 992 3833 μέν
1010 3765 1088 3833 λόγου
1107 3766 1161 3816 τῶν
1178 3765 1212 3830 η’,
1232 3763 1371 3816 διπλασίου
1388 3760 1419 3816 δὲ
1430 3765 1482 3814 τοῖν

940 3849 988 3917 ιβ’·
1008 3849 1034 3908 ς’
1053 3850 1078 3913 η’
1098 3849 1147 3919 ιβ’·
1174 3853 1210 3920 τῷ
1237 3847 1291 3920 γάρ
1317 3847 1388 3920 αὐτῷ
1405 3845 1483 3919 μέρει

940 3935 954 3988 ὃ
973 3934 998 3998 η’
1016 3938 1070 3986 τῶν
1088 3935 1181 4004 άκρων
1194 3932 1322 4004 ὑπερέχει
1335 3931 1381 3986 καὶ
1400 3933 1482 4004 άπερ-

940 4019 1038 4091 έχεται,
1059 4022 1085 4079 ς’
1104 4022 1129 4084 η’
1146 4022 1190 4090 ιβ’,
1212 4015 1326 4073 τουτέστι
1345 4022 1381 4091 τῷ
1393 4020 1483 4091 τρίτῳ·

1159 4126 1182 4160 κ.
1201 4127 1221 4160 τ.
1240 4106 1262 4158 λ.

977 4211 1068 4276 103,1.
1099 4209 1143 4261 καί
1164 4209 1177 4272 ἦ
1197 4208 1313 4278 έβδομάς
1331 4208 1362 4263 δέ
1378 4212 1422 4276 τῆς
1440 4211 1483 4265 δε-

941 4297 1021 4352 κάδος
1040 4289 1107 4349 οὖσα
1129 4295 1290 4365 θαυμαστήν
1316 4293 1374 4366 ἔχει
1401 4297 1484 4351 δόνα-

941 4401 996 4451 μιν.
1008 4383 1090 4452 μόνος
1102 4382 1156 4452 γάρ
1169 4384 1223 4434 τῶν
1234 4379 1309 4436 ἐντός
1315 4386 1361 4448 τῆς
1374 4382 1485 4440 δεκάδος
