3222 5166
595 482 811 543 ...63-

135 667 234 735 Philo
258 672 291 734 et
315 666 505 733 Anatolius.
551 667 599 733 Ut
633 666 718 731 enim
754 665 984 733 demonstrent
1018 668 1269 748 quaternarium

137 792 309 838 numerum
345 770 523 838 convenire
559 770 666 836 solido
689 770 830 850 corpori,
854 776 1112 836 commemorant
1135 791 1269 853 pueros

137 895 212 942 eum
246 875 366 942 ludunt
399 875 550 953 nuoibuS,
585 876 746 954 quattuor
780 873 920 940 nucibus
943 873 1103 955 perfluere
1126 875 1268 956 primum

137 979 278 1044 solidum
299 979 332 1043 id
358 983 410 1044 est
430 976 645 1060 pyramidem.
913 1051 916 1058 Ι

104 1165 105 1168 ¹
223 1083 344 1163 Itaque
368 1085 524 1146 constare
542 1079 674 1145 videtur
690 1079 862 1145 Posidonii
879 1080 912 1144 in
928 1079 1081 1147 Platonis
1098 1081 1269 1149 Timaeum

138 1184 395 1251 commentarios
419 1183 522 1249 fuisse
546 1182 681 1263 fontem,
716 1202 823 1263 equo
847 1183 1014 1249 fluxerunt
1037 1203 1087 1263 ea,
1119 1203 1205 1265 quae
1230 1185 1270 1251 de

138 1289 285 1355 numeris
322 1306 503 1368 eorumque
542 1286 721 1352 virtutibus
760 1285 971 1352 tradiderunt
1004 1287 1195 1368 scriptores,
1230 1289 1270 1354 de

139 1392 259 1473 quibus
283 1391 421 1475 egimus.
456 1391 555 1456 Nune
577 1390 643 1455 iam
668 1389 758 1469 libet,
782 1389 871 1470 quod
887 1390 1143 1456 ratiocinatione
1160 1391 1270 1457 effeoi·

139 1514 224 1575 mus,
247 1504 383 1560 reotone
406 1495 475 1559 talo
499 1498 589 1559 stare
613 1493 729 1573 possit,
753 1492 955 1574 experiendo
978 1494 1130 1575 probare.

225 1599 272 1664 Ut
311 1616 504 1663 erueremus
541 1596 715 1662 Posidonii
752 1615 881 1677 nomen,
917 1595 1059 1678 profecti
1100 1617 1213 1664 sumus
1252 1619 1272 1664 a

140 1700 340 1766 Sohmekelii
374 1701 486 1766 subtili
521 1719 561 1765 ao
595 1699 790 1765 doctissima
813 1699 1054 1780 disquisitione,
1078 1720 1145 1782 qua
1167 1708 1272 1768 totam

138 1805 231 1869 illam
248 1803 341 1870 Sonti
358 1803 398 1869 de
415 1803 549 1870 criterio
566 1803 827 1884 disputationem
843 1801 863 1886 ¹)
879 1803 1061 1869 Posidonio
1077 1804 1271 1872 vindicavit.

140 1907 235 1990 Quod
270 1907 410 1973 oonieoit
443 1907 496 1970 vir
529 1905 647 1971 doetus
682 1906 762 1971 solis
790 1906 887 1971 nixus
912 1908 1119 1991 argumentis
1142 1910 1176 1972 in
1197 1909 1273 1990 ipsa

142 2011 235 2076 Senti
257 2009 493 2077 dissertatione
516 2008 645 2089 positis
669 2008 727 2074 sed
753 2028 840 2074 nuno
863 2011 1035 2094 contingit,
1059 2012 1162 2092 otiis,
1185 2032 1273 2094 quae

140 2115 200 2180 illa
238 2114 289 2180 nsi
327 2114 522 2180 coniectura
557 2111 739 2192 effecimus
777 2113 884 2194 ipsam
922 2115 1013 2180 illam
1048 2116 1272 2183 coniecturam

142 2217 404 2285 luculentissimo
443 2216 704 2298 comprobemus.
756 2216 979 2283 Proferuntur
1016 2218 1102 2283 enim
1140 2219 1172 2284 in
1211 2220 1274 2285 hae

142 2321 235 2388 Sexti
256 2325 353 2402 parte
376 2320 534 2400 breviter,
568 2319 701 2399 plenius
729 2319 762 2383 in
787 2321 856 2386 alia
878 2326 975 2402 parte
1000 2320 1047 2386 illi
1072 2322 1238 2388 simillima
1248 2324 1275 2406 ²)

141 2425 300 2490 nonnulla
317 2424 357 2490 de
374 2423 591 2505 quaternario
607 2442 755 2503 numer0,
778 2443 864 2504 quae
881 2443 1010 2489 summa
1025 2426 1275 2507 propinquitate

142 2529 319 2594 ooniunota
342 2532 421 2592 sunt
444 2545 516 2592 eum
541 2525 592 2606 iis,
616 2545 702 2606 quae
728 2527 862 2592 exhibet
886 2527 1075 2594 Anatolius.

242 2698 323 2752 Sext.
342 2697 407 2750 adv.
427 2697 544 2749 arithm.
563 2697 587 2750 3.
881 2699 997 2752 Anatol.
1016 2715 1064 2766 pg.
1084 2699 1125 2752 32.

164 2797 370 2871 ’τετρακτύςδὲ
391 2798 601 2868 προσηγορεύετο
618 2798 682 2865 παρ’
835 2801 924 2868 πρώτη
950 2802 1095 2869 τετρακτύς,
1123 2801 1161 2854 ὅτι
1176 2803 1205 2855 οἱ
1223 2799 1276 2854 ἀπο

144 2883 232 2942 αὐτοῖς
254 2887 268 2939 ὅ
290 2885 320 2940 ἐκ
341 2887 395 2938 ταῖν
417 2884 531 2954 πρώτων
548 2883 684 2950 τεσσάρων
735 2887 852 2955 μονάδος
877 2886 962 2958 μέχρι
988 2889 1109 2959 τετράδος
1135 2888 1180 2941 τὸν
1210 2886 1276 2940 δέκα

144 2975 274 3043 ἀριθμῶν
294 2973 468 3042 συγκείμενος
480 2968 545 3024 δέκα
558 2969 684 3040 ἀριθμός.
737 2976 841 3027 ποιοῦσι
852 2974 1019 3044 καλούμενον
1031 2974 1130 3029 τέλειον
1144 2970 1276 3045 ἀριθμόν·

144 3057 176 3112 ἓν
192 3060 247 3129 γαρ
265 3058 312 3111 καὶ
331 3058 379 3111 δύο
396 3057 443 3110 καὶ
460 3058 521 3128 τρία
534 3057 580 3110 καὶ
591 3054 685 3110 τέσσα-

144 3165 179 3215 ρα
198 3142 264 3198 δέκα
281 3145 393 3212 γίνεται·
417 3141 444 3200 ὅς
460 3143 516 3198 ἐστι
532 3144 685 3199 τελειότατος

144 3227 269 3302 αριθμός,
296 3225 409 3303 ἐπείπερ
436 3229 478 3286 ἐπ’
507 3225 588 3285 αὐτόν
607 3230 685 3299 φθά-

144 3334 235 3374 σαντες
270 3317 352 3369 πάλιν
386 3316 541 3386 ἀναλύομεν
576 3315 622 3368 καὶ
657 3311 686 3378 ἕξ

144 3402 268 3474 ὑπαρχῆς
286 3403 439 3474 ποιούμεθα
456 3404 501 3459 τας
519 3398 686 3472 ἆριθμήσεις.

145 3490 233 3559 πηγήν
258 3491 279 3543 τ’
294 3490 393 3543 ἀενάου
423 3492 530 3561 φύσεως
560 3489 686 3559 ῥιζώματ’

145 3573 264 3645 ἔχουσαν
298 3575 437 3646 εἰρήκασιν
467 3574 547 3632 αὐτόν
577 3575 620 3629 δια
659 3575 686 3627 τὸ

144 3662 201 3714 κατ’
225 3658 319 3718 αὐτους
339 3657 371 3718 ἓν
393 3663 465 3736 αὐτῷ
484 3665 530 3717 τόν
547 3663 627 3731 λόγον
643 3665 687 3726 τῆς

146 3746 274 3801 ἁπάντων
302 3757 411 3804 κεῖσθαι
446 3750 601 3813 συστάσεως,
629 3743 687 3802 οἷον

144 3829 250 3892 ευθέως
271 3839 324 3889 τοῦ
346 3853 377 3889 τε
401 3837 547 3906 σώματος
564 3834 618 3887 καὶ
636 3837 687 3899 τῆς

146 3923 261 3990 ψυχῆς.
280 3917 424 3993 ἐπαρκέσει
440 3923 495 3993 γιὲρ
511 3922 609 3975 τούτων
620 3919 687 3974 ὑπο-

146 4007 322 4078 δειγματικῶς
338 4011 504 4078 μεμνῆσθαι.
531 4007 546 4073 ἦ
567 4003 621 4075 μὲν
638 4001 687 4061 οὖν

144 4094 231 4165 μονάς
258 4095 330 4166 ἀρχή
355 4113 391 4152 τις
416 4096 551 4150 ὑπόκειται
573 4096 617 4160 τῆς
634 4096 688 4146 τῶν
711 4071 714 4164 J
761 4137 763 4144 ,

233 4252 252 4320 ¹)
270 4252 348 4305 Adv.
366 4253 423 4320 log.
442 4252 464 4317 I,
475 4253 507 4304 92
518 4267 583 4320 sqq.

232 4337 357 4407 2)Ηαιιο
384 4343 499 4405 partem
525 4339 604 4406 (adv.
624 4338 742 4392 arithm.
761 4338 866 4406 2sqq.)
895 4338 1004 4390 debere
1030 4339 1156 4392 Sextum
1182 4337 1281 4390 eidem

146 4425 262 4477 auctori
281 4428 360 4477 recte
380 4425 457 4478 vidit
476 4423 692 4478 Sohmekelius.
