3222 5166
585 464 800 525 ..59-

123 647 386 714 luculentissime
419 653 531 728 potest
564 648 786 714 demonstrari
821 669 839 714 e
874 650 979 716 stoico
1006 650 1097 717 fonte
1120 652 1257 718 fluxisse

122 751 276 834 genuinis
292 751 581 835 Pythagoreorum
604 752 780 818 sententiis
803 752 996 820 intermixta
1020 755 1140 836 omnia,
1170 774 1256 837 quac

122 854 312 920 communia
346 855 522 936 proferunt
559 855 748 937 Anatolius,
783 857 885 939 Thea,
924 859 1038 940 ceteri,
1076 879 1160 941 quos
1198 859 1256 925 ad-

122 957 299 1038 hibuimus,
334 963 371 1023 ut
393 957 580 1025 Stoicorum
615 965 676 1041 est,
713 959 800 1041 quod
829 960 1010 1029 Anatolius
1043 962 1256 1045 prudentiam

122 1059 318 1144 (φρόνησιν)
351 1061 468 1127 tribuit
500 1062 643 1142 monadi,
677 1063 727 1128 ita
761 1068 798 1129 ut
831 1083 848 1128 e
883 1064 1062 1146 prudentia
1084 1071 1254 1146 tamquam

121 1163 214 1228 fonte
247 1164 398 1246 reliquae
432 1171 501 1230 tres
537 1166 680 1232 uirtutes
718 1165 858 1249 (scilicet
895 1168 1077 1235 secuudum
1114 1168 1256 1251 Stoicos)

121 1267 291 1348 fortitude,
315 1267 547 1348 temperantia,
570 1269 710 1348 iustitia,
734 1289 821 1350 quae
844 1270 974 1353 dyadis,
998 1271 1126 1353 trinnio,
1154 1278 1255 1340 tetra·

122 1371 173 1436 dis
197 1371 381 1438 nominibus
406 1372 629 1454 appellantur,
664 1372 803 1438 effluant
835 1374 1082 1458 prudentiaque
1106 1397 1254 1460 compre-

121 1473 357 1558 lrendantur¹),
392 1475 546 1556 quodque
580 1477 643 1542 hoc
673 1477 714 1542 ad
739 1477 948 1558 probandum
972 1479 1106 1546 additur
1129 1480 1169 1546 τὸ
1192 1481 1255 1564 γὰρ

122 1576 234 1659 doddo
261 1576 298 1642 ἓν
325 1576 446 1643 καὶτὸ
471 1576 760 1662 ὁμολογούμενον.
806 1581 981 1666 Attingam
1016 1589 1145 1650 tautum
1179 1585 1255 1651 illos

121 1683 223 1763 locos,
259 1682 312 1748 ubi
348 1681 482 1748 Stoicae
519 1683 735 1764 proferuntur
772 1684 944 1751 doctrinae
982 1686 1032 1766 (ut
1069 1694 1088 1753 8
1123 1687 1255 1754 animae

120 1793 237 1867 partes
246 1786 282 1869 ²),
306 1793 435 1867 septem
459 1787 559 1852 animi
583 1793 693 1854 motus
703 1789 727 1858 ³)
750 1787 825 1869 etc.)
849 1789 906 1870 qui
929 1809 989 1871 per
1012 1810 1048 1856 se
1072 1788 1177 1857 unum
1198 1792 1254 1858 de-

121 1895 311 1956 monstrant
326 1889 514 1956 Stoicorum
537 1891 748 1972 disciplinam
773 1896 885 1958 notam
908 1892 1015 1960 luisse
1032 1895 1172 1974 auctori,
1197 1903 1256 1962 aut

122 1992 178 2059 uhi
213 1993 339 2060 stoicae
373 2000 579 2076 usurpantur
612 1995 776 2076 notiones,
810 2000 847 2061 ut
871 1996 1050 2064 Anatolius
1077 1998 1157 2064 dicit
1180 1999 1254 2079 (suh

120 2094 352 2178 quaternario)
376 2095 557 2164 diceudo
581 2098 722 2182 κόσμον,
757 2098 846 2179 quod
871 2098 1057 2166 Stoicorum
1084 2101 1255 2183 proprium

120 2199 225 2266 luisse
250 2200 346 2266 dccet
369 2199 536 2282 Sextus4).
581 2202 669 2267 Nam
692 2220 746 2268 res
771 2205 923 2268 estante
946 2202 1059 2284 pedes.

208 2303 341 2369 Stoicae
364 2303 467 2387 igitur
490 2304 644 2370 addictus
668 2309 742 2370 erat
765 2306 902 2372 scholae
927 2304 1045 2373 doctus
1069 2307 1131 2387 vir,
1160 2307 1255 2373 cuius

121 2425 140 2469 e
164 2408 402 2472 commentario
428 2408 508 2474 illas
537 2407 750 2490 depromptas
779 2427 854 2474 esse
879 2409 1049 2476 doctrinas
1072 2410 1254 2476 affirmavi·

120 2529 204 2576 mus.
250 2511 322 2576 Iam
345 2531 426 2577 vero
450 2530 468 2576 e
492 2512 583 2578 Sexti
607 2512 832 2593 disputatione
856 2513 1011 2593 eflicitur,
1046 2519 1083 2580 ut
1105 2515 1253 2580 luculen-

121 2613 249 2680 tissime
287 2614 531 2680 demonstravit
568 2613 844 2699 Schmekeliusl),
888 2617 980 2682 illam
1026 2617 1066 2682 de
1107 2618 1254 2684 numeris

121 2717 318 2798 doctrinam,
353 2737 440 2798 quae
464 2719 553 2799 sapit
576 2726 746 2784 auctorem
771 2719 938 2801 Stoicum,
957 2719 1094 2787 fluxisse
1118 2741 1136 2786 c
1158 2721 1252 2788 Posi·

122 2820 212 2886 dionii
237 2819 339 2887 Stoici
372 2821 405 2886 in
429 2822 582 2889 Platonis
606 2823 778 2888 Timaeum
813 2823 1059 2890 commentario.
1104 2824 1253 2890 Primum

123 2924 221 3002 enim,
255 2931 291 2989 ut
325 2923 472 2991 breviter
505 2925 785 3007 comprehendam
819 2927 1023 3010 gravissima
1050 2927 1122 2993 eius
1156 2947 1254 3012 argu·

123 3035 246 3108 menta,
281 3034 423 3110 apparet
444 3028 583 3095 Sextum
609 3030 649 3096 de
672 3030 972 3114 Pythagoricorum
1008 3030 1142 3096 criterio
1177 3050 1254 3097 con-

123 3132 251 3197 tinuam
275 3137 376 3212 atque
399 3137 596 3213 perpetuam
620 3133 701 3198 darc
724 3133 999 3215 disputationem3
1034 3153 1107 3200 cum
1142 3141 1253 3200 autem

123 3253 261 3317 prorsus
294 3236 450 3302 insanum
487 3242 578 3301 essct
610 3237 643 3300 in
676 3237 785 3302 media
808 3237 848 3302 de
871 3237 1097 3322 Pythagorico
1121 3239 1254 3305 criterio

125 3339 415 3424 argumentatione
445 3338 615 3405 Posidonii
639 3338 741 3405 Stoici
775 3340 880 3406 citare
914 3341 1158 3423 auctoritatem,
1192 3342 1255 3408 nisi

123 3527 175 3591 ἕξει
201 3526 247 3578 καὶ
274 3525 288 3590 ἦ
306 3523 391 3594 porris
409 3526 472 3575 καθ’
492 3523 629 3594 ὁμοιότητα
647 3528 756 3595 στιγμῆς
778 3525 824 3579 καὶ
842 3528 952 3595 σημείου
970 3527 1058 3596 λόγον,
1078 3525 1113 3583 ὥς
1131 3527 1166 3580 ἄν
1183 3522 1256 3598 ἀρχῆ

124 3609 190 3668 οὖσα
209 3615 292 3665 ποσοῦ
311 3611 470 3674 amicitiani
490 3607 539 3680 ἀφ’
558 3611 652 3678 ἑαυτῆς
670 3612 768 3666 ὡσανεὶ
781 3617 874 3682 ῥυεῖσα
895 3613 959 3681 κτλ.)
986 3615 1158 3682 Favompg.
1173 3615 1257 3680 10,14

125 3705 201 3758 Nam
220 3717 289 3754 cum
307 3705 417 3768 eupator
434 3699 531 3752 lineae
550 3715 651 3753 semen
671 3705 700 3753 et
712 3702 832 3768 signum
846 3701 911 3752 sins
923 3701 995 3753 ullis
1007 3701 1143 3766 partibus
1157 3701 1256 3755 animo

126 3787 280 3855 cogitabis
299 3786 402 3838 eadem
422 3787 598 3852 cogitatione
618 3787 750 3840 defluere
768 3787 887 3840 videbis
905 3788 938 3838 in
956 3786 1075 3839 lineam.

213 3875 231 3943 ¹)
251 3875 360 3928 Confer
377 3869 477 3940 Barth,
497 3873 565 3928 Stoa
583 3889 632 3940 pg.
653 3874 710 3927 136.

210 3961 231 4029 2)
249 3962 336 4014 Anat.
355 3975 405 4028 pg.
424 3961 465 4026 36,
475 3960 499 4013 8.

211 4048 232 4114 Β)
249 4050 361 4101 Favon.
380 4063 429 4114 pg.
448 4048 472 4112 8,
482 4047 506 4100 7.

210 4134 231 4203 4)
250 4135 327 4187 Adv.
354 4135 439 4201 phys.
467 4134 489 4199 I,
499 4134 558 4187 332.
596 4134 703 4187 Confer
731 4134 819 4186 etiam
846 4134 939 4198 Diels,
965 4135 1041 4186 Dox.
1066 4133 1115 4186 Gr.
1142 4133 1205 4186 328:
1233 4131 1259 4182 οἱ

125 4220 234 4274 Στωικοὶ
262 4217 405 4290 διαφέρειν
431 4218 458 4271 τὸ
484 4218 606 4272 ardradi
628 4218 656 4271 td
674 4217 743 4272 ὅλον.
762 4220 819 4271 πᾶν
835 4217 889 4288 μὲν
906 4219 960 4288 yc'p
1046 4216 1107 4270 ὅλον
1125 4215 1156 4270 δὲ
1171 4215 1259 4288 ’χωρὶς

125 4309 171 4361 τοῦ
189 4309 268 4360 κενοῦ
284 4306 330 4360 τᾶν
346 4306 455 4375 κόσμον.

213 4395 236 4464 ⁵)
253 4397 272 4450 l.
285 4396 304 4448 1.
321 4409 370 4462 pg.
383 4394 434 4446 405
446 4408 512 4460 sqq.
