3222 5166
616 494 830 554 ..65-

379 671 470 727 Sexti.

155 773 314 830 διπίασίονι.
349 777 498 842 tExplicut
517 778 626 830 Sextus
646 777 695 829 de·

154 862 234 926 inde,
262 863 337 928 quid
364 863 402 916 sit
428 860 557 930 ἐπίτριτος
578 865 641 925 eie,
669 864 697 914 et

155 947 271 1014 pergit.)
307 945 375 999 aare
405 947 459 1018 γδρ
488 948 587 1001 τούτων
616 944 697 1002 οὕτως

153 1028 274 1100 ἑχόντων
290 1031 337 1084 καί
354 1033 420 1086 κοτδ
432 1033 479 1097 τήν
492 1032 618 1102 ἀρχῆθεν
630 1022 696 1087 rind-

155 1125 232 1170 δίεσιν
243 1119 379 1188 τεσσάρων
392 1117 475 1172 ὄντων
494 1114 631 1189 δριθμοῖν,
651 1121 696 1173 τοῦ
783 1121 867 1174 ὄντων
886 1119 916 1175 δὲ
935 1117 1064 1189 α’ριδμών
1087 1120 1220 1188 τεττάρων
1237 1125 1289 1174 των

154 1220 179 1256 τε
207 1201 266 1260 ένδς
292 1204 337 1256 καί
365 1205 414 1259 δύο
434 1205 480 1258 καὶ
497 1205 557 1274 τρία
574 1204 621 1257 καὶ
638 1203 696 1260 τέσ-
749 1207 863 1277 πρώτων
881 1207 908 1259 α’
926 1207 955 1276 β’
973 1207 1000 1274 χ’
1020 1206 1055 1270 δ’,
1073 1203 1105 1260 έν
1122 1207 1217 1264 τούτοις

154 1307 233 1358 σαρα,
261 1290 292 1346 ἓν
319 1286 357 1348 οἷς
379 1288 509 1360 ἐλέγομεν
527 1291 572 1342 καί
590 1291 637 1355 τήν
654 1294 696 1358 τῆς
1150 1292 1195 1344 καὶ
1214 1292 1228 1358 ἡ
1248 1297 1290 1355 τῆς

155 1379 245 1445 ψυχῆς
264 1374 342 1430 ἰδέαν
360 1374 537 1447 περιέχεσθαι
562 1379 629 1431 acaci
651 1381 697 1434 τδν
749 1381 839 1450 ψυχῆς
857 1373 918 1430 ι’δέα
937 1374 1089 1448 περιέχεται
1106 1379 1173 1431 κατδ
1191 1373 1290 1434 τδνὲν-

152 1455 315 1532 ἐναρμόνιον
341 1463 427 1533 λόγον,
456 1463 470 1514 δ
499 1462 552 1532 μὲν
579 1462 696 1536 τέσσαρα
748 1465 879 1535 αρμόνιον
897 1462 985 1531 λόγον,
1003 1462 1017 1514 δ
1035 1460 1127 1532 μὲνδ
1142 1467 1187 1518 τοῦ
1198 1463 1225 1533 β’
1243 1464 1289 1517 καί

152 1549 197 1599 τοῦ
217 1547 265 1601 δύο
283 1549 329 1602 καί
348 1549 361 1602 ὁ
381 1549 428 1602 δύο
446 1552 489 1616 τῆς
505 1550 623 1619 μονδδος
639 1548 696 1607 ἐστί
748 1551 805 1620 ὄβ’
823 1552 869 1603 τοῦ
888 1549 915 1600 α’
936 1548 1077 1607 διπλάσιος.
1104 1544 1136 1604 ἐν
1163 1543 1185 1622 ᾧ
1207 1557 1290 1603 κεῖται

154 1631 311 1697 διπλασίων,
333 1630 364 1689 ἐν
381 1629 404 1706 ᾦ
421 1634 530 1701 §nectari
543 1637 696 1690 διδπυσυῑν
747 1637 760 1701 ἡ
789 1635 833 1689 διδ
861 1635 957 1688 πασῶν
983 1637 1140 1704 συμφωνία,
1168 1635 1182 1687 ὃ
1209 1633 1289 1704 δέχ’

154 1721 311 1787 συμφωνία,
330 1720 344 1772 d
362 1720 394 1775 δὲ
410 1721 471 1791 τρία
489 1725 534 1776 τοῦ
553 1722 602 1776 δύο
619 1723 694 1793 ἤμιὸ-
747 1725 791 1776 τοῦ
807 1723 835 1791 β’
853 1721 970 1791 ἡμιόλιος
988 1718 1124 1789 περιέχων
1145 1718 1226 1773 αὐτόν
1243 1719 1289 1772 καὶ

155 1807 205 1860 las
232 1805 286 1871 (καί
313 1808 367 1877 χδρ
390 1803 472 1861 ιιιῗτόν
489 1808 534 1860 τδν
552 1808 600 1862 δύο
619 1825 695 1878 περι·
746 1809 774 1862 τὸ
793 1806 872 1878 ἥμισυ
888 1806 934 1870 τήν
951 1805 995 1858 διδ
1020 1803 1098 1859 πέντε
1124 1807 1289 1876 συμφωνίαν

154 1888 251 1960 έσχυκε
276 1891 321 1943 καὶ
349 1893 377 1945 τδ
404 1891 484 1962 ἥμισυ
511 1894 608 1959 τούτου,
628 1893 695 1948 ὅθεν
748 1894 897 1964 δποβδλλει,
917 1891 931 1944 ὁ
950 1891 980 1945 δὲ
998 1890 1024 1944 δ’
1044 1894 1087 1945 τοί1
1105 1892 1134 1960 γ’
1152 1890 1288 1960 ἐπίτριτος.

152 1977 198 2029 καὶ
216 1975 263 2040 τῆν
280 1975 324 2030 διδ
343 1975 421 2032 πέντε
443 1981 608 2048 συμφωνίαν
628 1978 694 2034 rind-
745 1978 778 2034 έν
796 1973 819 2053 ᾦ
837 1978 852 2043 ἡ
872 1977 916 2032 διδ
935 1976 962 2030 δ’
980 1979 1138 2048 συμφωνία.

152 2063 265 2132 μαλλον),
285 2063 298 2114 ὃ
317 2063 348 2117 δέ
364 2061 480 2134 τέσσαρα
497 2067 543 2118 τοῦ
561 2067 621 2134 τρία
633 2064 694 2121 ἐπί-

152 2168 240 2219 τριτος,
281 2147 400 2202 δπέκιιτο
427 2149 457 2204 δὲ
480 2150 525 2203 καὶ
554 2146 586 2205 ἒν
613 2152 693 2224 τούτῳ

153 2235 167 2299 ἦ
187 2235 232 2290 διδ
249 2235 386 2305 τεσσδρων
402 2237 558 2305 συμφωνία.

240 2429 359 2508 Itaque
376 2428 464 2508 quod
481 2428 713 2495 ratiocinando
726 2429 906 2510 effecimus,
923 2436 999 2496 ante
1012 2432 1126 2497 oeulos
1138 2432 1284 2512 positum

153 2537 219 2611 est3
255 2551 357 2612 nam„
376 2538 413 2597 ut
442 2531 564 2599 iterum
598 2532 658 2598 tibi
689 2533 850 2615 explicem
875 2534 1172 2618 argumentationis
1195 2535 1282 2600 viam

153 2634 287 2714 clarina,
321 2634 444 2700 Sextus
478 2635 553 2701 adv,
581 2637 676 2719 phys.
705 2636 752 2717 Il,
768 2642 830 2702 263
844 2655 915 2718 sqq.
952 2638 1125 2719 utriusque
1159 2639 1284 2721 Pytha·

153 2738 286 2821 goricae
310 2738 462 2820 exposita
482 2739 616 2805 scholae
633 2739 829 2806 diversitate
846 2739 999 2824 adiungit
1014 2738 1103 2823 (284)
1119 2740 1159 2806 de
1177 2742 1285 2806 altera

152 2842 172 2908 i.
189 2861 217 2907 e.
242 2841 348 2908 stoica
370 2842 501 2908 ratione
525 2861 561 2908 se
585 2861 660 2909 esee
677 2842 842 2910 dicturum
865 2841 1129 2926 ,ἀκριβέστερον
1153 2843 1218 2908 adv
1241 2852 1284 2930 τῇ

152 2946 231 3028 περὶ
253 2945 430 3028 κριτηρίου
455 2945 576 3029 σκέψει
599 2945 664 3011 κάν
684 2951 758 3028 τοῖς
774 2947 853 3030 περὶ
869 2947 1016 3031 ψυχῆς“,
1040 2966 1180 3028 quorum
1196 2948 1284 3014 loco-

151 3069 224 3114 rum
260 3050 346 3114 alter
380 3045 474 3130 (περὶ
507 3047 609 3134 apro.)
644 3055 739 3116 extat
772 3050 848 3116 adv.
873 3049 937 3133 leg.
961 3051 989 3131 I,
1002 3055 1043 3115 92
1059 3069 1129 3131 sqq.
1175 3051 1283 3133 Quam

152 3157 255 3217 totam
290 3152 330 3218 de
354 3153 580 3236 Pythagorico
613 3152 747 3220 criterio
772 3152 1030 3234 disputationem
1055 3152 1283 3235 depromptam

152 3273 226 3321 esse
260 3274 278 3320 e
310 3255 481 3322 Posidonii
515 3256 549 3320 in
583 3256 755 3322 Timaeum
791 3257 1040 3336 commentario,
1078 3256 1283 3338 eundemque

150 3358 322 3424 Posidonii
345 3359 462 3425 librum
487 3358 591 3426 luisse
616 3359 767 3426 Anatolii
791 3369 1044 3440 ceterorumque
1073 3359 1113 3426 de
1138 3361 1283 3426 numeris

151 3462 277 3526 iontem
300 3461 544 3528 demonstravit
567 3462 796 3530 Schmekelius
813 3467 855 3536 et
878 3462 955 3528 mihi
979 3463 1077 3528 valde
1112 3463 1282 3544 probatur.

150 3564 328 3631 Invenitur
354 3571 466 3631 autem
493 3565 610 3630 iisdem
634 3565 674 3631 de
697 3567 798 3632 rebus
821 3567 940 3632 tert-ius
964 3566 1051 3632 alius
1075 3566 1166 3632 Sexti
1191 3567 1283 3632 locus

151 3667 239 3747 (adv.
265 3668 393 3734 arithm.
419 3667 551 3750 Ἡμιχ),
587 3688 695 3749 quem,
719 3689 793 3735 oum
818 3689 945 3735 summa
968 3668 1185 3734 similitudine
1209 3689 1281 3735 eum

150 3773 215 3837 illis
249 3772 379 3838 duobus
414 3791 517 3854 supra
550 3771 705 3838 indicatis
740 3773 931 3852 cohaereat,
967 3771 1073 3837 eidem
1103 3771 1283 3839 Posidonio

150 3879 242 3942 recte
265 3874 449 3941 vindicavit
472 3875 710 3942 Schmekelius.
746 3877 870 3941 Verum
896 3880 1006 3941 autem
1030 3894 1112 3941 vero
1128 3875 1217 3941 hune
1240 3876 1281 3941 ad

150 3979 288 4045 verbum
311 3978 382 4045 lere
404 3997 591 4063 congruere
615 3998 689 4045 eum
713 3979 875 4046 Anatolio
899 3977 995 4044 modo
1019 3977 1079 4044 tibi
1102 3977 1143 4044 ad
1169 3979 1282 4045 oeulos

150 4081 388 4149 demonstravi.
441 4083 561 4163 ltaque
597 4081 895 4166 argumentationis
929 4081 1078 4146 membra
1112 4086 1282 4163 tamquam

150 4186 240 4252 anuli
265 4192 405 4251 catenae
428 4185 516 4250 inter
539 4204 574 4251 se
599 4190 678 4251 sunt
700 4205 788 4251 nexa
811 4191 911 4267 atque
936 4191 1026 4265 apta,
1060 4183 1108 4249 ita
1130 4191 1167 4250 ut
1192 4187 1282 4251 nulla

149 4289 361 4370 relinquatur
383 4288 556 4353 dubitatio.
592 4289 637 4353 lit
658 4294 770 4354 tamen
788 4293 1059 4372 argumentorum
1077 4287 1282 4354 abundantia

149 4392 294 4459 nondum
333 4398 384 4458 est
423 4396 629 4474 consumpta.
675 4390 802 4474 Aperte
841 4392 928 4458 enim
965 4390 1010 4471 id,
1048 4389 1137 4472 quod
1171 4391 1281 4458 adhuc

1142 4509 1158 4543 Ο
