3222 5166
819 478 1030 538 ..2ss-

355 661 497 742 videtur,
521 662 550 727 si
574 660 669 726 modo
691 661 796 745 ignoti
820 662 889 727 tere
913 662 1086 744 scriptoris
1111 663 1274 744 ampliora
1298 662 1490 746 fragmenta

356 783 372 830 c
397 765 543 830 tenebris
565 771 657 830 recte
680 766 916 846 protraximus.
962 767 1060 832 Nunc
1082 766 1183 832 redeo
1208 766 1248 830 ad
1271 767 1488 848 propositum.

680 951 765 1033 IV.
800 951 871 1032 De
900 951 1165 1034 Chalcidio.

441 1107 643 1188 Chalcidius,
661 1109 714 1190 qui
732 1109 837 1175 tuisse
855 1109 988 1175 videtur
1004 1109 1065 1176 sub
1081 1110 1178 1175 tinem
1192 1109 1320 1176 saeculi
1331 1109 1440 1190 quarti
1454 1109 1488 1188 ¹),

353 1212 505 1278 Platonis
528 1212 665 1278 Timaeo
692 1212 726 1277 in
755 1213 897 1277 latinum
931 1232 1093 1278 converso
1130 1213 1404 1278 commentarium
1428 1214 1488 1277 ad-

353 1315 470 1398 iungit,
506 1334 572 1396 quo
608 1335 714 1396 „quac
750 1316 778 1380 ei
815 1316 890 1382 visa
913 1323 989 1382 sunt
1012 1317 1045 1381 in
1071 1317 1185 1396 aliqua
1208 1315 1415 1396 difficultate,
1439 1317 1490 1380 sic

353 1420 385 1482 in
391 1423 555 1500 terpretat
557 1437 594 1482 us
619 1424 678 1497 est,
703 1424 805 1483 ca
821 1419 894 1484 sola
910 1420 1117 1500 explanaret
1141 1439 1226 1500 quae
1242 1419 1487 1502 incognitarum

355 1521 475 1587 artium
510 1523 870 1603 disciplinarumque
862 1523 1071 1606 ignoratione
1105 1523 1363 1608 tegerent.ur“²)
1411 1522 1487 1604 Quo

353 1624 386 1689 in
415 1624 499 1690 libro
529 1626 668 1691 candem
695 1625 766 1691 tere
789 1626 830 1691 dc
855 1627 1001 1693 numeris
1023 1627 1336 1700 ¹commentationem
1358 1625 1487 1691 inveni-

354 1746 437 1809 mus
461 1747 546 1809 qnae
571 1729 657 1810 apud
683 1749 823 1813 graecos
847 1731 1027 1810 scriptores
1044 1749 1293 1811 nonnumquam
1309 1731 1375 1795 iam
1392 1729 1487 1794 nohis

354 1850 389 1896 se
425 1832 553 1897 obtulit.
601 1834 784 1913 Postquam
817 1834 905 1897 enim
941 1834 1093 1914 exposuit
1123 1853 1163 1898 eu
1188 1840 1216 1898 1.
1241 1839 1270 1898 2.
1294 1841 1324 1897 4.
1348 1837 1377 1897 8.
1402 1838 1430 1897 3.
1455 1841 1485 1895 9.

354 1940 394 1999 27
419 1935 566 2000 numeris
591 1935 769 2000 aPlatone
787 1936 931 2000 animam
949 1936 1152 2001 mundanam
1168 1955 1244 2002 esse
1261 1936 1486 2014 constitutam,

353 2038 463 2121 pergit
492 2037 664 2121 (XXXIV,
687 2056 741 2121 pg.
765 2044 817 2117 99,
832 2035 899 2122 ill:
937 2038 1139 2121 „Quaeritur
1176 2040 1237 2104 hoc
1274 2039 1347 2105 loco
1379 2039 1486 2119 primo

353 2139 495 2220 quidem,
519 2161 579 2207 cur
600 2142 635 2205 in
657 2146 787 2207 tantum
811 2142 1006 2222 produxerit
1028 2142 1237 2223 divisionem,
1271 2149 1309 2208 ut
1336 2147 1484 2222 septem

353 2243 571 2309 constitueret
599 2245 737 2310 limites“
768 2251 829 2309 etc.
859 2250 959 2325 atque
987 2246 1101 2311 statim
1123 2247 1185 2311 sibi
1209 2246 1268 2313 dat
1289 2264 1486 2326 responsum

353 2344 507 2427 (XXXV,
530 2367 584 2430 pg.
613 2346 742 2427 100,6);
776 2333 928 2428 „Etenim
951 2354 1077 2429 septem
1103 2368 1261 2415 numerus
1284 2349 1442 2415 laudatur
1466 2367 1487 2412 a
1590 2405 1591 2442 ,

351 2449 575 2532 Pythagoreis
605 2454 641 2515 ut
669 2451 812 2532 optimus
836 2457 869 2515 et
892 2452 1163 2518 naturalissimus
1189 2459 1221 2518 et
1243 2451 1486 2518 sufficientissi-

352 2551 444 2618 mus“
471 2558 532 2618 cto.
579 2553 771 2634 Sequuntur
793 2555 914 2638 singuli
939 2555 1076 2636 numeri,
1101 2575 1166 2621 non
1192 2555 1347 2636 naturali,
1377 2559 1415 2619 ut
1436 2555 1486 2619 ita

353 2655 470 2735 dicam,
494 2656 619 2737 ordine,
643 2656 702 2724 sed
727 2657 829 2722 libero
853 2657 1007 2739 quodam,
1036 2659 1156 2740 quippe
1181 2659 1237 2740 qui
1261 2657 1485 2740 disputatione

351 2758 553 2839 procedente
578 2758 751 2826 efficiatur.
786 2762 900 2840 Atque
924 2780 1011 2841 quae
1035 2760 1075 2826 de
1100 2761 1237 2843 singulis
1259 2760 1485 2843 proteruntur,

353 2881 493 2942 summa,
518 2866 554 2927 ut
577 2863 655 2942 dixi,
679 2863 893 2929 similitudine
918 2865 1101 2930 cohaerent
1123 2884 1196 2930 cum
1213 2864 1264 2944 iis,
1288 2881 1375 2945 quae
1391 2866 1485 2928 Ana·

352 2965 479 3046 tolium,
515 2985 601 3048 quae
635 2966 820 3046 Philonem,
855 2985 942 3047 quac
977 2966 1060 3033 alios
1095 2968 1135 3033 de
1169 2968 1222 3034 his
1256 2967 1357 3033 rebus
1390 2965 1485 3032 nobis
1589 2933 1590 2994 3

353 3088 509 3136 servasse
543 3070 699 3137 vidimus.
757 3069 852 3151 Quod
889 3074 924 3135 ut
957 3070 1088 3136 facilius
1121 3070 1317 3152 perspicias,
1356 3088 1397 3135 ex
1434 3069 1485 3134 his

353 3192 484 3254 quoque
501 3175 663 3240 nonnulla
680 3193 747 3241 una
761 3173 857 3255 posui
875 3192 948 3238 cum
964 3173 1016 3256 iis,
1037 3194 1123 3255 quae
1139 3174 1279 3256 praebet
1295 3172 1484 3239 Anatolius.

474 3309 573 3362 Ohalc.
591 3325 640 3376 pg.
661 3310 769 3374 105,1o.
1093 3311 1210 3363 Anatol.
1229 3326 1277 3377 pg.
1296 3309 1339 3362 29.

453 3413 578 3479 ipsaque
597 3413 789 3479 singularitas
808 3427 892 3465 meus
977 3407 1091 3466 ἐκάλουν
1109 3410 1140 3465 δὲ
1157 3407 1240 3476 αὐτήν
1262 3412 1288 3464 οἱ
1307 3411 1485 3480 Πυθαγόρειοι
1588 3389 1589 3444 3

352 3497 417 3550 sive
434 3498 640 3564 intellegentia
663 3498 712 3550 vel
732 3499 798 3565 ipse
817 3498 892 3551 deus
944 3500 1009 3550 νοῦν
1035 3496 1182 3560 εἰκάζοντες
1207 3499 1244 3569 τῷ
1270 3495 1312 3551 ἑνὶ
1339 3496 1428 3560 αὑτήν,
1451 3499 1484 3566 τῴ

353 3584 453 3649 opifex
479 3584 672 3650 intellegatur
699 3599 771 3636 osse.
818 3584 892 3636 tium
944 3586 1026 3656 νοητῷ
1061 3585 1145 3656 θεῴθ)
1247 3584 1333 3650 μονὰς
1368 3579 1485 3650 προτέρα

352 3669 432 3720 enim
473 3671 511 3721 sit
551 3669 659 3736 origott
695 3685 892 3722 numerorum
944 3669 1041 3725 παντὸς
1058 3665 1187 3740 ἀριθμοῦ,
1206 3664 1235 3732 ἐξ
1253 3661 1283 3734 ἧς
1303 3671 1407 3735 πάντες,
1421 3664 1485 3730 urin}

440 3790 458 3858 ¹)
477 3791 610 3856 Wrohel,
628 3791 698 3844 edit.
718 3806 767 3857 pg.
786 3791 839 3843 IX.

438 3875 461 3943 2)
480 3875 612 3931 Chalcid.
631 3877 674 3929 IV
692 3875 775 3946 (odit.
794 3878 868 3946 Wr.)

437 3962 458 4022 ³)
476 3964 562 4017 Alex.
589 3965 622 4016 in
648 3963 778 4031 Metaph.
796 3980 845 4031 pg.
865 3965 950 4030 39,13
977 3964 1138 4030 Hayduck:
1166 3965 1231 4016 νοῦν
1259 3959 1290 4014 δὲ
1316 3961 1361 4013 καὶ
1389 3959 1485 4014 οὐσίαν

352 4045 444 4115 ἔλεγον
461 4047 488 4099 τό
507 4045 545 4102 ἕν.

437 4133 460 4202 ⁴)
479 4135 559 4187 Theo
577 4151 626 4202 pg.
645 4135 687 4200 99,
697 4135 742 4188 24:
762 4133 776 4197 ἡ
794 4131 847 4204 μὲν
865 4133 919 4202 γιὶρ
937 4133 1022 4237 μονάς
1040 4129 1112 4202 α’ρχή
1131 4132 1246 4187 πάντων.

437 4221 514 4274 Plut.
533 4221 570 4273 do
589 4237 604 4273 e
623 4221 730 4288 Delph.
749 4221 798 4274 391
812 4223 851 4274 A:
872 4215 943 4290 ἀρχῆ
961 4217 1015 4290 μὲν
1031 4220 1086 4290 ydp
1105 4215 1225 4288 ἀριθμοῦ
1244 4219 1342 4276 παντός
1359 4218 1374 4282 ἡ
1391 4218 1485 4284 μονάς.

436 4308 522 4360 Alex.
550 4307 583 4358 iu
609 4307 928 4406 Meaphpg.40,17
954 4307 1115 4374 Hoyduck:
1144 4307 1197 4358 τῶν
1223 4303 1254 4359 δὲ
1281 4301 1412 4375 ἀριθμῶν
1437 4304 1486 4368 τήν

348 4388 492 4464 μονάδα
476 4392 565 4461 αρχὴν
583 4389 662 4457 εἶναι,
683 4389 860 4461 συγκειμένην
877 4390 907 4444 ἔκ
925 4408 951 4442 τε
969 4393 1015 4444 τοῦ
1033 4391 1125 4460 ἀρτίου
1143 4390 1189 4443 καὶ
1208 4395 1340 4461 περιττοῦ.
