3222 5166
807 497 1020 557 ..24-

440 678 600 746 Porphyrii
619 677 794 746 (Moderati).
1143 681 1281 734 Theonis.

345 778 494 850 αναλαγὶαἶν
520 778 551 834 ἓν
576 777 662 850 ἑαυτῷ
690 780 885 850 περιειληφότα.

344 866 369 919 εἰ
380 867 436 937 γάρ
449 866 464 931 ἡ
476 868 521 918 τοῦ
534 867 631 921 παντὸς
642 865 723 935 φύσις
736 867 791 919 κατ’
805 862 885 936 ἀριθ-

343 956 406 1022 μῶν
424 953 517 1022 λόγους
551 971 574 1007 κ.
594 971 613 1006 τ.
633 953 655 1006 λ.

352 1137 354 1141 ·
431 1111 643 1194 Quamquam
659 1112 769 1177 fateor
784 1112 875 1178 haud
891 1113 938 1178 ita
952 1113 1140 1180 coufirmari
1152 1115 1217 1178 hac
1230 1113 1479 1195 comparatione

345 1235 450 1281 meam
475 1215 710 1296 coniecturam,
745 1221 857 1281 tamen
888 1218 951 1282 hoc
974 1237 1076 1282 unum
1100 1217 1243 1283 efficitur
1266 1217 1476 1283 Moderatum

345 1337 522 1384 enarrasse
537 1319 830 1401 Pythagoreorum
853 1319 893 1384 de
917 1319 1062 1385 numeris
1087 1320 1311 1385 ariolationes.
1347 1320 1478 1402 Quibus

343 1424 376 1487 in
393 1422 599 1504 explicandis
615 1429 685 1488 tres
702 1422 795 1488 novit
811 1422 866 1486 ille
882 1423 1040 1502 rationes,
1061 1441 1200 1502 quarum
1218 1443 1286 1488 una
1301 1423 1477 1489 monadem

345 1531 377 1591 et
393 1525 544 1608 dyadem,
569 1526 677 1590 altera
692 1544 805 1590 omues
823 1525 979 1606 deinceps
995 1545 1163 1605 numeros,
1183 1527 1285 1591 tertia
1300 1527 1475 1592 monadem

345 1630 450 1694 solam
484 1629 627 1694 omnium
662 1648 773 1693 rerum
795 1629 944 1710 ponebat
966 1629 1131 1711 principia
1143 1627 1174 1712 ¹).
1222 1634 1335 1710 Atque
1359 1630 1388 1698 si
1409 1630 1476 1696 fcr-

344 1737 436 1798 tasse
470 1731 569 1812 idque
603 1737 661 1796 tuo
695 1731 766 1796 iure
794 1730 917 1797 dixeris
941 1751 992 1812 ea,
1016 1752 1103 1814 quae
1128 1721 1327 1799 exhibentur
1350 1753 1370 1799 a
1393 1736 1476 1802 Por-

343 1834 471 1917 phyrio,
505 1834 646 1900 maxime
681 1835 860 1900 convenire
876 1921 877 1924 Ἴ
896 1837 993 1900 alteri
1026 1836 1159 1916 rationi,
1192 1837 1336 1903 Theonis
1363 1842 1475 1905 autem

345 1944 512 2004 auctorem
537 1937 631 2016 sequi
655 1937 789 2008 tertiam
800 1939 836 2020 2),
861 1958 991 2019 oppono
1014 1959 1075 2020 per
1098 1959 1134 2005 sc
1158 1959 1231 2005 esse
1255 1941 1326 2006 veri
1351 1942 1475 2007 similli-

344 2063 430 2107 mum
466 2040 687 2121 Moderatum,
722 2041 843 2122 quippe
879 2041 933 2122 qui
968 2046 1037 2108 tres
1075 2042 1151 2108 illas
1186 2039 1474 2128 Pythagoreorum

343 2145 492 2211 rationes
527 2152 595 2209 tam
630 2151 787 2211 accurate
818 2146 1013 2229 distinguat,
1037 2146 1070 2211 in
1093 2148 1156 2212 hoc
1177 2147 1251 2228 ipso
1274 2149 1473 2232 Pythagori-

344 2269 456 2314 corum
492 2239 682 2333 dogmatum
713 2255 852 2330 corpore
875 2270 939 2315 nou
963 2251 1062 2316 unius
1086 2252 1256 2317 rettulisse
1280 2251 1474 2331 doctrinam,

344 2353 402 2420 sed
424 2353 523 2418 trium
547 2372 712 2433 quamque
736 2352 829 2418 brevi
853 2355 973 2419 saltem
995 2355 1029 2418 iu
1054 2361 1234 2435 conspectu
1256 2355 1418 2435 posuisse,
1441 2357 1474 2420 id

344 2457 430 2537 quod
456 2457 668 2536 aliquatenus
692 2457 928 2537 comprobatur
952 2477 1001 2536 eo,
1030 2458 1117 2539 quod
1139 2459 1174 2523 iu
1197 2459 1305 2539 prima
1327 2460 1473 2524 Theonei

342 2560 417 2625 libri
440 2566 545 2641 parte,
570 2579 670 2639 quam
694 2560 939 2627 vindicavimus
962 2562 1149 2641 Moderato,
1174 2562 1308 2642 saepius
1332 2563 1477 2628 habetur

340 2663 429 2727 illius
463 2663 583 2727 tertiae
617 2662 713 2728 ratio.
771 2663 899 2745 Quodsi
932 2664 1142 2748 Porphyrius
1181 2665 1221 2730 de
1258 2667 1475 2750 Pythagorae

342 2766 480 2846 eiusque
505 2766 743 2846 discipulorum
770 2767 919 2833 scribens
943 2768 1021 2834 vitIs
1046 2769 1186 2834 alteram
1203 2773 1333 2834 tantum
1348 2771 1477 2836 rettulit

341 2870 516 2948 rationem,
551 2868 668 2934 mirum
708 2889 783 2935 esse
821 2890 884 2935 non
921 2875 1051 2953 potest·
1082 2872 1244 2953 siquidem
1277 2873 1474 2940 Moderatus

342 2975 431 3038 clare
457 2971 632 3038 addiderat
655 2973 742 3038 hanc
765 2993 839 3039 esse
864 2976 1035 3055 amplexos
1058 2976 1183 3055 primos
1207 2977 1439 3060 Pythagoreos
1450 2977 1474 3059 ³)

343 3074 389 3158 (οἱ
413 3075 483 3140 ἀπὸ
507 3074 745 3161 Πυθαγόραν).
792 3077 866 3158 Qua
901 3085 1010 3144 auteur
1046 3099 1150 3145 causa
1177 3085 1359 3147 commotus
1382 3081 1474 3146 Theo

343 3181 497 3244 maluerit
522 3181 615 3260 sequi
639 3181 783 3259 tertiam,
817 3180 956 3246 iuferius
991 3181 1090 3247 facile
1113 3183 1305 3264 perspicies.
1352 3185 1473 3266 Itaque

341 3284 504 3362 omnibus,
538 3301 624 3363 quae
659 3289 737 3348 suut
770 3285 932 3366 exposita,
967 3290 1125 3352 accurate
1152 3288 1326 3368 perpensis
1349 3288 1474 3368 iacere,

339 3391 433 3468 puto,
468 3405 533 3450 nou
566 3386 703 3467 poteris,
739 3387 817 3467 quin
853 3387 1023 3454 adiudices
1058 3390 1144 3455 hauc
1174 3390 1215 3454 de
1238 3392 1384 3456 numeris
1407 3391 1473 3457 dis-

340 3490 609 3572 putatiunculam
633 3483 738 3554 eidem
762 3491 945 3557 Moderato.

427 3595 467 3659 In
504 3613 544 3658 ca
577 3599 683 3674 parte,
719 3613 818 3674 quam
841 3599 947 3661 totam
971 3615 1012 3661 ex
1035 3596 1182 3663 Adrasto
1207 3602 1375 3680 sumptam
1398 3618 1472 3666 essc

342 3718 445 3780 supra
480 3697 623 3764 diximus
659 3697 747 3781 (pgg.
771 3697 987 3784 49‚6—85‚8),
1022 3706 1135 3766 tamen
1170 3702 1310 3785 legimus
1338 3724 1392 3788 pg.
1417 3707 1472 3770 61:
1565 3787 1568 3794 Ι

341 3803 441 3866 ταυτὶ
456 3801 520 3884 μὲν
537 3803 615 3882 περὶ
631 3807 693 3884 τῆς
709 3801 874 3883 εὑρέσεως
889 3808 961 3868 τῶν
978 3808 1203 3887 συμφωνιῶν·
1221 3804 1472 3890 ἐπανέλθωμεν

341 3904 377 3970 δὲ
393 3906 451 3970 ἐπὶ
466 3904 509 3970 τὰ
525 3903 595 3969 ὑπὸ
612 3909 674 3969 τοῦ
695 3904 878 3988 Ἀδράστου
896 3905 1170 3991 παραδεδομένα.
1188 3910 1273 3992 φησὶ
1288 3909 1350 3992 γὰρ
1367 3909 1470 3975 καλ.

341 4011 494 4090 Apparet
529 4029 580 4088 ea,
614 4028 701 4090 quae
734 4011 884 4091 proxime
918 4012 1135 4092 praecedunt,
1169 4011 1298 4078 inserta
1331 4033 1407 4080 esse
1431 4033 1471 4078 ex

429 4250 447 4319 ¹)
465 4249 544 4302 Theo
563 4265 612 4315 pg.
631 4248 672 4302 20.
691 4250 743 4301 cfr.
762 4248 842 4302 Stob.
862 4250 915 4302 ecl.
935 4250 1024 4313 1‚1‚9.

426 4335 446 4402 ²)
464 4337 508 4387 De
528 4351 587 4401 qua
606 4349 638 4385 re
657 4333 735 4386 inira
752 4334 866 4400 loquar.

425 4423 445 4491 ³)
465 4422 543 4475 Theo
562 4437 611 4488 pg.
630 4420 705 4484 2t),7.
725 4422 776 4472 cir.
796 4420 875 4473 Stob.
