3222 5166
794 436 1008 493 ...44-

335 623 429 684 recta
462 618 561 699 linea,
596 621 712 683 eontra
746 618 832 699 apud
857 618 1061 683 Macrobium
1085 619 1243 702 leguntur
1265 617 1304 702 (I,
1320 619 1380 699 Vl,
1396 619 1472 700 45):

337 741 434 802 „nam
457 721 564 803 primo
588 720 733 787 omnium
756 721 818 786 hoo
841 741 979 787 numero
1003 721 1221 802 (septenario)
1245 724 1356 794 anima
1373 743 1471 787 mun-

337 825 426 890 dana
443 828 605 909 generata
620 829 672 890 est
688 825 775 889 sicut
790 825 946 891 Timaeus
960 825 1113 891 Platonis
1130 825 1271 891 edocuit.
1298 826 1471 892 Monade

337 929 438 994 enirn
472 929 510 993 in
545 928 697 992 vortice
731 928 865 992 locata
890 927 996 993 terni
1020 929 1171 992 numeri
1195 929 1240 993 ab
1265 929 1397 995 eadem
1422 949 1471 994 ex

337 1037 506 1112 utraque
543 1036 660 1112 parte
622 1029 917 1110 tetlluxerun
955 1031 1001 1096 ab
1039 1031 1113 1096 hae
1146 1049 1277 1112 pares,
1313 1033 1357 1096 ab
1393 1032 1472 1098 illa

337 1135 534 1215 impares“
570 1139 630 1200 etc.
676 1133 795 1213 ltaque
830 1133 961 1198 omnino
995 1152 1061 1198 non
1084 1138 1195 1213 pottes
1181 1134 1300 1213 tileri,
1323 1139 1361 1200 ut
1383 1135 1469 1199 Por-

337 1237 444 1320 phyrii
469 1237 613 1321 vestigia
636 1237 799 1318 pressisse
824 1236 1106 1302 Macrobiumsta
1107 1244 1252 1318 t,uamus
1275 1237 1334 1303 sed
1358 1236 1469 1303 denuo

337 1341 516 1406 tractanda
539 1345 588 1406 est
613 1340 775 1421 quaestio.

425 1446 478 1509 Ac
492 1444 634 1525 primum
651 1443 813 1508 neminem
831 1443 947 1526 fugere
964 1443 1071 1525 potuit
1083 1444 1337 1509 Macroblanum
1349 1444 1469 1510 librum

337 1547 370 1611 in
395 1547 587 1613 universum
611 1565 685 1612 csse
709 1545 938 1628 depromptum
964 1566 1003 1612 ac
1027 1547 1239 1627 compilatum
1264 1567 1281 1612 e
1305 1567 1469 1613 commen·

338 1652 425 1716 tario
460 1651 615 1732 quodam
638 1650 792 1715 Platonis
819 1651 1034 1715 Timacum
1025 1670 1058 1714 ιιι
1062 1655 1189 1732 tterpre
1192 1656 1269 1715 ante
1285 1650 1314 1732 ¹)
1349 1651 1470 1716 deinde

340 1775 404 1820 non
439 1754 547 1819 minus
581 1758 715 1820 constat
702 1753 869 1819 thuius
881 1754 1109 1818 commentarii
1141 1758 1310 1819 auctorem
1334 1755 1470 1820 scholae

338 1859 443 1924 luisse
468 1857 637 1923 addictum
659 1857 935 1937 Neoplatonicac,
960 1857 1045 1938 quod
1072 1877 1135 1922 non
1159 1858 1266 1923 solum
1289 1877 1328 1922 eo
1345 1858 1470 1942 colligi·

338 1969 403 2042 tur,
438 1961 524 2042 quod
561 1980 663 2041 saepe
694 1961 819 2025 Plotini
841 1961 1158 2042 Platonicorumque
1193 1963 1377 2028 auotoritas
1412 1963 1470 2028 ad-

339 2086 422 2132 voca
425 2065 524 2145 ur2)
563 2064 621 2130 sed
660 2083 700 2128 ex
734 2064 896 2142 omnibus
931 2083 1017 2144 quae
1052 2063 1225 2145 proterunt
1227 2085 1276 2146 ur,
1311 2066 1470 2132 doctrinis

339 2171 430 2235 clare
465 2165 619 2250 elucet¹),
653 2170 724 2232 tum
758 2171 900 2248 apparet
886 2166 1026 2231 tillum
1059 2166 1162 2233 fuisse
1195 2169 1329 2233 Plotino
1369 2175 1470 2251 atque

338 2271 535 2355 Porphyrio,
570 2270 626 2351 qui
660 2269 816 2349 citantur,
850 2288 949 2335 recen
953 2270 1079 2334 tiorem.
1127 2270 1235 2352 Quid?
1271 2291 1380 2338 nonne
1413 2293 1469 2340 ne·

340 2375 486 2442 cessario
504 2373 689 2457 cogitamus
707 2372 747 2437 de
762 2372 956 2454 Iamblicho,
980 2367 1078 2453 quem
1095 2379 1128 2438 et
1143 2374 1253 2455 ipsum
1269 2375 1302 2439 in
1318 2377 1470 2442 Platonis

340 2480 512 2543 Timaeum
540 2475 769 2556 composuisse
797 2476 1052 2541 commentarios
1076 2476 1218 2542 scimus?
1263 2479 1307 2543 m
1294 2483 1365 2543 tre
1389 2499 1471 2545 vera

340 2583 419 2648 mihi
457 2579 605 2662 contigit,
647 2578 897 2662 utdiligenter
933 2579 1075 2660 ideoque
1113 2580 1172 2645 la
1148 2585 1215 2646 rus
1257 2581 1470 2662 disquirendo

342 2692 469 2752 certum
503 2684 558 2749 vel
591 2681 664 2748 veri
698 2682 898 2748 simillimum
934 2684 1053 2748 saltem
1090 2683 1264 2749 redderem
1297 2684 1471 2752 Iamblichi

342 2789 488 2854 lontibus
511 2785 717 2852 Macrobium
751 2787 902 2851 hortulos
937 2805 1015 2852 suos
1045 2786 1216 2869 irrigasse.
1262 2789 1366 2854 Immo
1390 2809 1470 2855 vero

342 2893 441 2958 ctiam
476 2890 607 2973 longius
640 2889 821 2968 procedere
854 2889 941 2954 licet.
987 2891 1106 2956 Potest
1139 2891 1226 2955 enim
1249 2891 1471 2958 demonstrari

340 2995 428 3060 inter
451 3012 509 3058 eas
532 2992 739 3058 Macrobiani
763 2991 865 3057 libelli
886 2997 1012 3073 partes,
1046 3012 1133 3074 quae
1160 2999 1240 3059 sunt
1262 2994 1302 3060 de
1327 2997 1472 3062 numeris

343 3118 382 3164 ao
406 3097 543 3174 musica,
567 3098 600 3160 et
623 3114 664 3160 ea
680 3093 889 3160 Chalcidiani
911 3096 943 3160 id
969 3102 1022 3162 est
1037 3096 1199 3163 Adrastei
1222 3098 1332 3178 operis
1349 3099 1471 3181 capita,

341 3201 461 3282 quibus
485 3199 538 3282 agi
542 3203 597 3264 tur
542 3199 659 3264 tde
682 3198 799 3265 iisdem
823 3198 934 3278 rebus,
962 3204 1014 3264 art
1017 3220 1070 3265 um
1093 3201 1301 3267 intercedere
1326 3203 1470 3268 necessi·

340 3304 466 3370 tudinis
500 3302 740 3382 vinculum,it
715 3307 763 3367 ita
796 3309 931 3367 utnon
967 3323 1057 3368 vana
1093 3303 1248 3369 videatur
1287 3323 1360 3370 esse
1393 3325 1470 3371 con-

341 3408 470 3474 iectura
503 3407 536 3471 in
571 3406 623 3471 bis
656 3406 809 3486 partibus
844 3407 951 3472 nisum
986 3426 1061 3472 esse
1088 3407 1306 3473 Iamblichum
1329 3409 1471 3476 Adrasti

342 3511 567 3577 auctoritate:
600 3508 666 3575 Sed
700 3509 784 3574 haec
818 3510 928 3575 omnia
961 3510 1015 3574 hic
1047 3511 1149 3576 latius
1179 3511 1346 3592 explicaro
1370 3515 1470 3593 atque

342 3633 507 3696 exponere
531 3613 633 3677 libelli
657 3613 821 3695 angustiis
844 3613 1022 3693 prohibeor
1043 3613 1184 3694 ideoque
1202 3615 1243 3680 ad
1261 3619 1392 3696 tempus
1409 3617 1471 3681 hoc

341 3737 461 3784 munus
495 3716 596 3783 reicio
630 3735 771 3798 sperans
806 3716 884 3782 mihi
910 3717 981 3782 lore
1005 3717 1285 3799 opportunitatem
1309 3718 1374 3784 alio
1398 3720 1470 3785 loco

341 3824 403 3888 hoc
427 3820 673 3901 compensandi.

428 4010 448 4076 1)
467 4007 575 4060 Confer
592 4008 690 4059 Linkc
709 4008 726 4059 l.
740 4009 758 4060 l.
778 4023 846 4074 pgg.
863 4009 921 4072 241,
940 4008 998 4072 242,
1018 4008 1076 4060 248.
1108 4008 1266 4061 Sclrmekel
1284 4010 1302 4061 l.
1316 4010 1333 4060 l.
1353 4009 1471 4076 pg.424.

426 4094 445 4160 2)
465 4093 575 4145 Plotini
593 4094 615 4156 I,
628 4094 709 4156 VIII,
723 4095 746 4144 5.
778 4094 799 4158 l,
813 4094 896 4157 XIII,
910 4095 933 4146 9.
965 4095 987 4158 l,
1000 4094 1098 4157 XVII,
1113 4094 1152 4146 11.
1185 4095 1208 4157 Ι,
1220 4095 1348 4158 XVIIII,
1361 4095 1402 4147 27.
1433 4095 1470 4158 ll,

340 4181 410 4246 XII,
422 4181 447 4245 7,
462 4181 502 4232 14.
539 4180 760 4232 Platonicorum
780 4180 943 4244 I,Xl,1,4.
975 4180 1146 4244 lI,XIII,9.
1177 4180 1215 4244 Il,
1228 4180 1310 4246 XIV,
1325 4182 1349 4245 6,
1365 4182 1405 4233 14.
1434 4182 1470 4246 II,

340 4268 408 4331 XV,
423 4267 444 4332 l,
458 4268 482 4331 2,
493 4267 535 4319 26.
588 4273 592 4280 '

426 4353 446 4419 3)
466 4353 574 4406 Confer
593 4353 688 4404 Linke
708 4370 755 4420 pg.
776 4354 832 4405 240.
