3222 5166
796 451 988 508 „4-

326 635 467 701 latinum
491 634 656 701 convert't
680 634 827 699 auctoris
852 635 985 701 nomine
1001 635 1133 702 omisso.
1170 636 1248 701 Alio
1264 637 1347 715 loc0,
1371 634 1470 716 quod

327 738 440 818 sciam,
474 738 559 803 liber
593 743 796 802 memoratus
831 757 895 803 non
930 745 991 805 est.
1041 740 1126 804 Nam
1162 743 1273 804 utrum
1306 740 1470 804 loannes

327 841 442 925 Lydus
456 841 487 923 ¹),
511 877 553 886 —
576 840 617 906 dc
641 859 707 921 quo
723 840 811 905 intra
827 859 965 924 agemus
981 877 1023 885 —
1039 860 1126 922 quac
1144 842 1238 920 III,l
1264 841 1304 907 de
1321 841 1470 907 denario

327 964 465 1010 numero
500 944 644 1024 exhibet,
679 962 720 1008 ex
742 945 903 1010 Anatolio
938 945 1088 1011 hauserit
1122 964 1165 1010 an
1200 965 1240 1010 ex
1264 945 1341 1024 alic,
1367 951 1469 1009 certo

328 1048 502 1114 diiudicari
526 1047 651 1129 nequit.

344 1197 346 1202 ·
413 1169 486 1234 Iam
520 1186 623 1248 supra
657 1167 800 1233 diximus
827 1168 1057 1249 epitomatoris
1082 1169 1244 1234 rationem
1269 1168 1403 1252 agnosci
1426 1168 1468 1232 in

328 1272 478 1337 Anatolii
511 1272 637 1351 libello;
672 1290 777 1351 quare
812 1290 899 1336 nunc
933 1271 1117 1352 quaeritur,
1152 1290 1277 1337 verane
1311 1271 1355 1336 sit
1376 1270 1469 1337 haec

328 1375 484 1457 suspici0,
507 1379 607 1454 atque
623 1393 722 1456 porro
739 1374 835 1440 cuius
851 1375 884 1438 iu
901 1379 1079 1458 angustum
1097 1374 1245 1466 coegerit
1260 1374 1314 1439 ille
1331 1374 1465 1439 librum.

329 1477 424 1560 Quod
462 1482 498 1542 ut
531 1496 699 1556 eruamus,
732 1477 825 1566 prius
859 1478 954 1543 nobis
989 1482 1040 1543 est
1066 1476 1296 1543 disserendum
1321 1477 1361 1542 de
1385 1476 1467 1543 aliis

329 1581 527 1664 quibusdam
551 1580 780 1662 scriptoribus,
805 1600 887 1663 qnos
911 1581 1029 1647 eadem
1052 1581 1092 1648 de
1116 1601 1152 1647 re
1173 1581 1342 1648 simillima
1356 1579 1465 1647 tradi·

329 1684 418 1752 dissc
444 1684 640 1750 videbimus.

508 1923 566 2005 Π.
601 1923 671 2005 De
699 1923 904 2004 Philone
931 1923 1280 2005 Alexandrino.

415 2115 512 2180 Philo
536 2135 610 2182 cum
635 2116 796 2181 nonnulla
818 2116 965 2182 frustula
987 2116 1021 2181 in
1046 2116 1121 2182 aliis
1145 2116 1240 2183 libris
1262 2121 1332 2182 tum
1356 2117 1389 2181 in
1413 2136 1465 2198 ec,

329 2220 386 2300 qui
408 2218 604 2285 inscribitur
628 2221 699 2299 „De
723 2219 852 2301 opificio
876 2219 1021 2301 mundi“,
1056 2220 1231 2286 continuas
1258 2221 1398 2302 praebet
1422 2221 1464 2286 de

329 2323 476 2389 numeris
510 2323 816 2403 commentationes
850 2342 935 2404 quas
970 2323 1156 2393 simillimas
1190 2323 1341 2404 esselis,
1376 2343 1464 2405 quae

329 2425 548 2492 tradiderunt
563 2426 654 2491 Theo
678 2430 712 2491 et
735 2427 802 2506 alii,
836 2426 877 2492 de
908 2427 1028 2508 quibus
1051 2426 1140 2492 infra
1165 2426 1268 2492 verba
1290 2426 1463 2508 faciemus,

331 2529 413 2596 vidit
437 2528 711 2612 Schmekellus2).
757 2529 820 2598 Sed
846 2530 1015 2595 artissima
1039 2535 1091 2597 est
1118 2530 1341 2610 necessitudo,
1376 2547 1463 2611 quae

329 2632 508 2700 intercedit
539 2634 629 2698 inter
651 2633 824 2698 Philonem
859 2639 893 2698 et
917 2633 1119 2700 Anatolium.
1164 2635 1251 2699 Nam
1286 2652 1372 2714 qnae
1402 2634 1463 2699 im-

330 2737 445 2818 primis
469 2735 509 2801 de
532 2738 750 2818 quaternario
774 2743 807 2802 et
831 2735 1024 2818 septenario
1040 2739 1188 2804 numeris
1205 2738 1339 2804 exhibet
1355 2738 1463 2817 Philo,

331 2842 415 2906 haec
448 2841 558 2905 omnia
592 2839 708 2906 iisdem
742 2842 938 2922 plerumque
974 2840 1084 2907 verbis
1114 2861 1285 2924 expressa,
1309 2842 1463 2924 quamvis

333 2944 400 3010 sint
431 2945 465 3008 in
501 2950 678 3027 angustum
713 2951 842 3024 coacta,
877 2943 910 3009 in
936 2945 1087 3011 Anatolii
1121 2947 1233 3012 libello
1267 2945 1463 3028 reperimus,

332 3047 398 3114 Sed
420 3047 618 3129 priusquam
640 3046 742 3146 latius
765 3047 806 3113 de
830 3050 894 3113 hac
916 3067 952 3113 re
976 3048 1150 3130 disseram,
1174 3049 1345 3132 exemplis
1376 3049 1463 3129 quod

333 3149 410 3231 dixi,
433 3150 577 3232 probare
600 3149 704 3215 iuvat.

332 3303 415 3356 Philo
435 3303 472 3356 de
491 3318 536 3370 op.
555 3303 663 3356 mundi
685 3319 733 3370 pg.
754 3303 871 3370 14‚19³).
959 3305 1075 3357 Anatol.
1094 3322 1143 3372 pg.
1162 3307 1203 3371 31,
1213 3305 1245 3357 21
1265 3304 1425 3372 (Heiberg).

431 3405 542 3476 τετράδι,
564 3406 596 3470 ἧν
614 3406 725 3462 δεκάδος
741 3408 785 3470 τῆς
803 3428 872 3460 παν·
959 3408 983 3460 2.
1084 3408 1173 3478 πρώτη
1200 3409 1336 3478 τετρακτύς
1356 3407 1463 3477 (scili

331 3495 431 3549 τελείας
449 3487 497 3546 οὐκ
516 3487 551 3544 δν
569 3492 710 3563 διαμάρτοι
729 3513 765 3549 τις
783 3491 873 3562 (ἔφορ-
924 3494 1031 3563 τετράς),
1050 3491 1088 3546 ὅτι

331 3580 387 3649 μήν
405 3576 477 3632 εἶναι
495 3576 583 3647 λέγων
599 3579 645 3631 καὶ
664 3580 763 3648 πηγήν·
785 3577 800 3631 δ
817 3579 872 3648 yde

332 3665 483 3736 ἐντελεχείᾳ
510 3665 596 3732 δεκάς,
623 3668 696 3719 τοῦτο
722 3665 818 3736 τετράς,
839 3663 874 3720 ὥς

333 3751 409 3818 ἔοικε,
429 3752 554 3822 δυνάμει·
579 3750 605 3806 εἰ
621 3754 690 3822 γοῦν
708 3753 733 3804 οἱ
751 3748 805 3805 ἀπὸ
823 3772 873 3821 pcc·
1299 3753 1324 3805 οἱ
1343 3747 1397 3806 ἀπὸ
1414 3773 1465 3824 μο-

334 3944 557 4008 Nicomachum,
576 3944 656 4010 quod
674 3943 860 4010 intellegitur
878 3959 917 3994 ex
935 3957 978 4006 eo,
997 3942 1078 4009 quod
1100 3957 1328 4008 nonnumquam
1348 3943 1385 3995 de
1403 3959 1463 3996 uno

334 4046 459 4083 numero
478 4031 558 4082 idem
578 4031 624 4082 vel
643 4029 805 4082 simillimis
818 4030 866 4081 vel
879 4029 987 4081 iisdem
1001 4028 1101 4082 verbis
1114 4027 1162 4080 bis
1175 4028 1299 4081 dicitur:
1317 4030 1465 4096 pgg.4,12

335 4121 362 4168 ct
381 4118 443 4180 5‚4;
465 4117 531 4177 14,4
550 4119 578 4168 et
598 4117 637 4180 lb,
649 4115 688 4167 12.
726 4115 785 4169 Sed
804 4115 841 4168 de
859 4115 907 4166 his
925 4115 1013 4181 plura
1032 4116 1155 4168 fortasse
1173 4115 1230 4168 alio
1249 4117 1321 4168 loco.

423 4203 440 4268 ¹)
459 4203 495 4253 de
515 4202 670 4254 mensibus
689 4217 738 4268 pg.
757 4201 790 4254 92
808 4201 854 4253 ed.
873 4200 1007 4254 Roether.

420 4289 439 4356 ²)
459 4289 514 4340 llic
535 4287 723 4354 Philosophie
743 4289 796 4339 der
815 4288 899 4339 mittl.
920 4285 988 4340 Stoa
1008 4304 1052 4354 pq
1073 4289 1124 4339 quq
1143 4303 1206 4354 sqq.

419 4375 439 4440 ³)
459 4377 534 4428 Utor
551 4373 681 4427 editione
701 4389 717 4425 a
736 4373 847 4427 Colinio
866 4379 975 4426 curata.
