3222 5166
818 475 862 486 ..
906 447 1033 524 23¹-

558 619 709 691 Chalcidii.

358 735 446 784 quam
458 721 524 786 ipse
537 726 687 778 nascatur.
705 727 824 781 Etenim
837 730 897 783 duo

357 803 502 871 duplieati
520 807 643 874 pariunt
659 813 713 863 eto.

390 891 472 943 solus
485 894 673 958 septenarius
685 912 831 952 numerus
844 916 895 953 ne-

355 990 414 1041 que
517 993 572 1031 nee
676 987 895 1053 proptereaque

354 1061 492 1115 Minerva
502 1065 517 1130 ¹)
530 1069 576 1121 est
588 1081 604 1118 a
618 1068 771 1122 veteribus
786 1086 893 1138 eogno-

353 1147 493 1214 minatus,
511 1149 582 1203 item
601 1156 634 1205 ut
651 1153 705 1207 illa
722 1155 788 1208 sine
801 1162 894 1211 matre

351 1236 558 1301 perpetuoque
577 1237 671 1304 virgo.

386 1319 537 1372 Naturalis
559 1338 630 1376 vero
653 1328 740 1392 atque
762 1327 892 1394 optimus

350 1402 480 1472 habetur
498 1405 621 1474 ideireo,
645 1412 715 1476 quia
734 1413 827 1465 multa
844 1429 890 1466 eo·

351 1502 419 1540 rum
440 1506 527 1559 ¹quae
563 1499 687 1548 naturae
723 1497 789 1563 lege
825 1515 891 1565 pro·
925 1561 927 1564 ¹

351 1574 485 1640 veniunt,
513 1578 597 1632 iuxta
623 1581 704 1633 hune
729 1598 890 1638 numerum

349 1659 416 1712 fleri
439 1666 588 1717 notantur.
625 1667 777 1734 Principio
799 1673 888 1737 septi-

348 1747 430 1798 mani
448 1749 580 1816 pertusi)
598 1756 665 1804 ante
684 1759 797 1808 ceteros
815 1756 887 1824 legi-

347 1830 413 1882 timi
444 1838 514 1885 sunt
543 1835 576 1887 in
608 1840 728 1902 generis
764 1843 886 1895 humani

346 1915 467 1971 fetibus.
477 1919 586 1973 deinde
597 1923 678 1988 quod
687 1931 755 1990 post
767 1933 887 1994 partum

346 2003 474 2068 septimo
486 2021 588 2060 mense
604 2008 708 2062 dentes
718 2016 886 2082 aguntum),

345 2090 472 2154 septimo
501 2092 643 2159 deinceps
671 2110 749 2150 anno
768 2105 883 2154 mutan·

344 2175 401 2225 tur.
429 2175 509 2228 idem
529 2193 648 2244 quoque
667 2185 799 2238 secunda
812 2188 883 2240 heb-

344 2259 469 2313 domade
487 2262 676 2327 pubertatem
695 2270 792 2324 adfert
810 2275 881 2326 utri-

342 2359 400 2410 que
419 2347 731 2420 sexui'gignendique
755 2363 783 2410 et
803 2363 881 2425 pari·

342 2431 413 2482 endi
444 2436 654 2490 maturitatem.
693 2443 779 2495 tertia
810 2461 881 2498 vero

340 2514 528 2572 hebdomade
556 2527 683 2577 ostentat
710 2543 741 2580 se
768 2529 822 2582 ilos
853 2537 881 2585 et

339 2599 450 2669 lanugo
470 2605 549 2658 cirea
561 2623 662 2674 genae.

693 2706 796 2764 quarta
809 2719 880 2757 vero

339 2769 526 2828 hebdomade
543 2776 546 2784 '
563 2777 752 2838 definiuntur
784 2789 879 2843 inere·

339 2863 439 2911 menta
458 2863 596 2917 staturae.

633 2955 738 3019 quinta
760 2960 879 3025 plenam

337 3026 481 3083 iuvenilis
525 3038 627 3091 aetatis
671 3042 765 3097 adfert
811 3063 877 3115 per-

337 3113 502 3170 ieotionem.

370 3199 406 3252 In
416 3204 658 3269 aegritudinibus
668 3219 877 3282 quoqueiuxta

337 3287 466 3341 eundem
493 3305 655 3350 numerum
685 3307 782 3356 motus
812 3305 877 3359 fleri

335 3387 409 3426 usus
434 3377 684 3449 experientiaque
708 3387 818 3455 docuit,
849 3396 877 3444 et

334 3457 534 3525 Hippocrates
554 3480 623 3518 oum
641 3484 730 3538 saepo
749 3475 822 3528 alias
843 3478 875 3531 in

333 3543 487 3613 plerisque
510 3550 598 3604 libris
621 3556 684 3610 suis
703 3564 767 3612 tum
786 3563 875 3616 etiam

332 3667 538 3681 ἡ

1157 640 1297 695 Anatolii.

985 735 1011 786 δ’
1031 737 1082 790 ὑπὸ
1102 741 1199 798 δυιίδος
1217 747 1343 814 γεννᾶται
1361 767 1412 802 κ.τ.
1424 752 1445 804 ί.

983 904 1123 978 ἕβδομτὲςῖ)
1140 915 1209 980 μόνη
1228 919 1281 968 τοῖν
1296 913 1368 974 ἐντός
1380 920 1495 977 δεκάδος

948 987 979 1043 ου’
1008 1000 1092 1066 γεννᾷ
1122 998 1187 1052 οὐδὲ
1214 1006 1341 1069 γεννᾶται
1448 1009 1493 1060 διδ

947 1080 1064 1134 καλεῖται
1077 1083 1128 1136 ὑπὸ
1141 1088 1196 1137 τοῖν
1207 1093 1404 1161 Πυθαγορείων
1417 1114 1470 1164 παρ
1479 1127 1492 1136 -

947 1164 1026 1222 δὲνος
1044 1168 1161 1240 ἀμήτωρ.

978 1444 1027 1495 pg.
1046 1430 1087 1482 36.
1115 1430 1201 1482 πιίντα
1222 1432 1382 1504 φιλέβδομα.

976 1701 1025 1752 pg.
1044 1687 1085 1740 35.
1112 1688 1212 1758 γόνιμα
1224 1692 1278 1758 γαρ
1291 1693 1322 1744 τιὶ
1335 1691 1485 1765 ἑπτάμηνα.

974 1960 1022 2011 pg.
1042 1945 1082 1998 37.
1109 1955 1173 2002 παῖς
1189 1948 1243 2019 μὲν
1260 1951 1356 2021 ἄνηβος
1373 1951 1427 2010 εἰδν
1444 1955 1484 2008 ἔτι

939 2030 1030 2092 νήπιος
1041 2029 1118 2100 ἕρκος
1130 2033 1246 2087 ὀδόντων
1258 2041 1347 2108 φύσας
1359 2037 1483 2109 ἐκβάλλει

938 2119 1045 2184 πρῶτον
1062 2115 1093 2172 ἑν
1110 2119 1177 2173 ἑπτα
1197 2121 1272 2180 ἔτεσι.

970 2203 1028 2258 τους
1046 2203 1069 2255 δΙ
1080 2203 1185 2274 ἑτέρους
1203 2207 1245 2262 ὅτε
1263 2212 1295 2277 δη
1308 2211 1404 2267 τελέσει
1418 2218 1484 2270 θεὸς

935 2285 1002 2340 ἑπτα
1019 2286 1161 2356 ἐνιαυτούς,
1181 2292 1242 2364 ἥβης
1261 2298 1284 2351 δ’
1293 2294 1411 2369 ἐξεφάνη
1432 2303 1482 2364 αὴ-

934 2395 1006 2442 ματα
1023 2378 1172 2446 γινομένης.

967 2463 999 2531 τῇ
1024 2465 1125 2535 τριτάτῃ
1150 2466 1181 2521 δὲ
1201 2467 1306 2537 γένειον
1323 2468 1482 2544 δεξομένων

932 2541 978 2599 ἐπὶ
1001 2550 1087 2616 γυίων
1108 2553 1254 2622 λαχνοῦται
1277 2560 1369 2626 χροιῆς
1392 2560 1481 2617 ἄνθος

934 2627 1116 2706 ἀμειβομένης.

966 2721 998 2788 τῇ
1023 2721 1054 2775 δὲ
1079 2725 1185 2796 τετάρτη
1214 2731 1267 2783 mie
1292 2748 1327 2785 τις
1350 2725 1381 2784 ε’ν
1397 2732 1479 2802 ἑβδο-

930 2804 1062 2872 μάδεσσιν
1080 2809 1184 2880 ἄριστος
1202 2810 1291 2882 ἰσχύν,
1310 2810 1329 2886 ᾗ
1347 2819 1367 2870 τ’
1378 2818 1478 2890 ἄνδρες

931 2891 1025 2959 σήματ’
1044 2893 1136 2963 ἔχουσι
1156 2893 1254 2967 ἀρετῆς.

966 2974 1072 3048 πέμπτῃ
1093 2980 1117 3033 δ’
1127 2979 1210 3052 ὥριον
1228 2985 1316 3058 ἄνδρα
1334 3008 1357 3044 κ.
1367 3009 1386 3046 τ.
1396 3011 1419 3046 κ.

964 3241 1012 3292 pg.
1030 3230 1071 3281 35.
1098 3225 1129 3283 ἐν
1151 3233 1236 3291 νόσοις
1256 3231 1407 3304 incentore
1427 3241 1474 3312 ἕρ.

930 3311 1021 3380 δομοίς.

420 3735 437 3802 ¹)
456 3737 536 3791 Theo
554 3757 604 3809 pg.
625 3745 718 3811 103,3:
739 3749 779 3801 διδ
798 3752 843 3804 καὶ
858 3749 959 3819 Ἀθηνᾶ
978 3759 1030 3812 rimi
1049 3764 1103 3814 τῶν
1121 3769 1321 3838 Πυθαγορικῶν
1338 3770 1467 3840 ἐκαλεῖτο,

332 3816 390 3870 οὔτε
405 3821 503 3889 μητρός
519 3843 586 3882 τινος
604 3821 671 3882 οὖσα
689 3832 748 3886 οὔτε
764 3837 857 3908 μήτηρ.

417 3906 436 3973 ²)
456 3908 602 3968 Ordinem
621 3932 724 3972 rerum
745 3937 855 3991 sequor
874 3926 1090 3988 Oaloidianum.

416 3992 438 4061 3)
457 3996 543 4051 Alex.
562 4001 594 4054 in
612 4004 741 4072 Metaph.
760 4025 808 4076 pg.
827 4011 869 4079 38,
883 4015 912 4066 17
934 4017 1095 4083 Hayduok:
1124 4023 1199 4076 δοκεῖ
1223 4027 1278 4097 γάρ
1303 4031 1335 4081 ad
1362 4035 1467 4101 τρυσικα·

330 4075 387 4131 τούς
404 4079 515 4137 τελείους
532 4087 639 4155 καιροδς
662 4092 751 4160 ἴσχειν
767 4094 814 4146 καὶ
831 4095 962 4164 γενέσεως
982 4103 1027 4154 καὶ
1044 4107 1200 4166 τελειώσεως
1217 4115 1284 4166 aare?
1302 4113 1465 4188 ἑβδομάδας,

329 4161 364 4219 (δε
381 4159 423 4218 ἐπ’
443 4161 600 4239 δνδροίπου.
618 4175 665 4227 καὶ
682 4177 737 4246 γάρ
755 4180 865 4234 τίκτεται
882 4183 1070 4259 ἑπταμηνιαῖα,
1093 4195 1139 4247 καὶ
1160 4196 1321 4270 δδοντοφυεῑ
1334 4205 1466 4258 τοσούτων

326 4251 429 4319 μηνῶν,
447 4253 494 4304 καί
513 4253 619 4323 ἦβιίσκει
631 4261 695 4331 περὶ
706 4267 753 4327 τήν
765 4265 894 4338 δευτέραν
906 4270 1052 4345 ἑβδομάδα,
1074 4279 1120 4331 καί
1132 4287 1223 4355 γενειᾷ
1235 4286 1297 4357 περὶ
1308 4287 1356 4352 την
1366 4293 1465 4360 τρίτην.

412 4338 435 4405 ⁴)
455 4339 514 4397 cn.
533 4344 621 4402 Theo.
639 4365 689 4417 pg.
709 4350 793 4416 1045
806 4369 871 4424 sqq.
