3222 5166
594 477 808 537 ,43-

134 659 265 740 lactari,
299 661 387 741 quod
411 661 565 741 superius
589 661 667 740 dixi,
701 661 735 726 in
764 662 956 727 uuiversum
980 662 1079 726 etiam
1103 662 1266 726 Macrobii

134 763 393 844 disputationem
425 784 499 831 esse
534 767 689 846 rivulum,
724 772 760 831 ut
791 761 841 830 ita
865 765 984 845 dicam,
1008 765 1155 830 eiusdem
1178 765 1265 831 illius

134 867 247 947 fontis,
270 888 288 933 e
312 888 377 949 quo
401 875 624 935 manaverunt
646 870 679 948 ii,
703 869 743 935 de
768 869 887 950 quihus
912 869 977 934 iam
1003 869 1140 953 egimus,

221 1057 402 1139 Quaeritur
437 1077 516 1141 ergo
550 1059 703 1140 primum,
738 1077 777 1123 ex
809 1075 954 1139 quonam
976 1057 1049 1139 ipse
1073 1059 1264 1125 Macrobius

133 1179 197 1225 sua
230 1161 391 1228 hauserit.
438 1164 552 1242 Atque
586 1162 822 1245 cogitaverunt
852 1160 1002 1226 nonnulli
1025 1160 1089 1225 viri
1112 1161 1201 1227 docti
1225 1161 1265 1226 de

135 1265 284 1330 Varrone
320 1266 391 1331 eius
427 1270 564 1330 auctore
578 1266 608 1347 ¹).
655 1265 718 1330 Sed
754 1266 838 1330 haee
872 1265 991 1346 opinio,
1015 1282 1089 1329 oum
1114 1266 1205 1330 nulla
1227 1285 1264 1330 re

133 1368 227 1432 satis
251 1369 473 1449 confirmetur,
509 1387 595 1449 quae
631 1369 742 1433 multis
776 1368 951 1446 refutetur,
986 1367 1088 1450 digna
1115 1387 1179 1435 uon
1204 1374 1263 1434 cst.

132 1470 244 1536 Aliter
276 1471 439 1538 iudicavit
462 1473 562 1556 Hugo
585 1472 781 1551 Linheus²)‚
816 1471 870 1552 qui
903 1470 1022 1536 statuit
1046 1489 1063 1534 e
1087 1472 1265 1555 Porphyrii

131 1575 165 1638 in
190 1575 341 1640 Platonis
364 1576 537 1641 Timaeum
571 1575 808 1640 commentario
842 1576 876 1638 in
905 1573 1099 1642 universum
1123 1593 1185 1641 sua
1208 1575 1263 1640 de·

132 1678 336 1757 prompsisse
359 1677 576 1744 Macrobium.
624 1675 687 1742 Sed
713 1683 744 1741 et
769 1677 831 1756 hie,
866 1679 1020 1757 quamvis
1048 1678 1184 1760 propius
1209 1698 1263 1744 ac-

132 1781 271 1845 cesserit
295 1780 337 1845 ad
361 1781 548 1859 veritatem,
581 1786 693 1845 tamen
726 1774 861 1845 erravit.
907 1781 1015 1848 Nixus
1040 1787 1091 1847 est
1114 1782 1263 1848 Linlxeus

132 1884 204 1949 loco
239 1883 352 1964 aliquo
375 1883 603 1964 Macrobiano,
638 1885 692 1949 ubi
729 1885 922 1949 nominatim
958 1885 1147 1968 afferuntur
1181 1886 1263 1951 Por-

131 1988 240 2069 phyrii
274 1986 548 2066 concremarit-³),
586 2006 651 2052 non
690 1986 908 2053 considerans
942 2007 1066 2054 morem
1102 1989 1262 2055 eiusmodi

132 2091 393 2170 cornpilatorum,
411 2091 476 2171 qui,
494 2109 567 2155 eum
586 2090 682 2155 valde
697 2091 855 2156 adameut
866 2091 962 2171 quasi
975 2092 1103 2157 iactare
1116 2092 1262 2158 virorum

130 2194 389 2260 clarissimorum
414 2195 557 2274 nomina,
582 2195 654 2261 eius
678 2201 788 2260 tamen
813 2195 972 2274 auctoris,
997 2196 1091 2262 cuius
1107 2202 1264 2276 premunt

131 2298 286 2381 vestigia,
321 2316 438 2362 nomen
471 2298 624 2363 consulto
648 2298 822 2362 reticeant.
870 2297 1020 2379 Quorum
1044 2317 1107 2364 usu
1130 2299 1262 2364 minime

129 2400 322 2481 discrepare
357 2402 563 2467 Macrobium
602 2401 759 2481 quoniam
796 2401 879 2466 satis
913 2400 1056 2467 dilucide
1092 2421 1132 2467 ac
1165 2404 1263 2484 plene

129 2505 372 2570 domonstravit
388 2503 599 2584 Wissowa⁴),
625 2524 686 2588 ego
702 2505 766 2569 hac
783 2523 819 2569 re
837 2505 1034 2584 exponenda
1050 2507 1261 2587 supersedeo.

130 2607 227 2690 Quod
262 2627 341 2691 ergo
377 2627 417 2672 ex
451 2610 515 2673 hac
537 2608 699 2673 Macrobii
735 2607 976 2673 consuetudine
1008 2609 1118 2692 colligi
1141 2614 1262 2690 potest,

129 2711 210 2791 ipsis
248 2711 356 2788 rebus,
395 2729 482 2790 quae
520 2711 730 2789 exhibentur,
774 2711 817 2775 ad
859 2710 1020 2790 liquidum
1057 2711 1261 2791 perducitur.

128 2814 300 2896 Neglectis
335 2814 422 2878 enim
457 2814 541 2893 aliis,
585 2833 671 2894 quae
714 2813 782 2878 sint
820 2813 955 2879 minoris
994 2815 1159 2894 momenti,
1197 2836 1263 2883 uno

131 2917 281 2997 exemplo
315 2936 370 2982 res
405 2916 585 2982 conficitur.
632 2917 771 2982 Procius
796 2935 978 2998 exponens,
1012 2919 1168 2998 qualibus
1192 2920 1262 2986 dia-

130 3019 325 3103 grammatis
362 3020 410 3085 usi
445 3027 558 3085 essent
595 3020 716 3104 singuli
754 3021 954 3100 interpretes
991 3020 1024 3085 in
1064 3023 1262 3102 explicando

130 3124 284 3188 Platonis
307 3123 347 3188 de
370 3123 560 3188 mundanae
585 3125 716 3188 animae
732 3124 964 3205 procreatione
980 3124 1063 3203 loce,
1090 3125 1226 3191 tradidit
1238 3126 1262 3209 ⁵)

130 3227 352 3308 Porphyrium
365 3227 597 3306 repudiavisse
610 3227 700 3293 illam
715 3225 944 3310 καταγραφὴν
957 3224 1150 3312 λαβὸοειὸῆ,
1164 3249 1261 3310 quam

131 3341 241 3409 vocat,
275 3337 309 3394 et
341 3330 494 3410 posuisse
528 3348 693 3409 numeros
729 3330 845 3412 quibus
877 3331 982 3395 utitur
1005 3331 1115 3412 Plato,
1138 3332 1169 3397 in
1194 3352 1263 3399 una

129 3540 181 3589 τοῖς
199 3533 326 3603 ἀριθμοῖς
344 3535 416 3584 τοῦτο
434 3531 600 3601 εὑρίσκοντες
618 3532 656 3596 ὄν,
681 3533 725 3585 ded
744 3535 817 3585 τοῦτο
835 3534 880 3585 καὶ
899 3533 944 3584 tir
962 3532 1048 3588 ἰσάκις
1067 3535 1124 3586 ἴσον
1144 3529 1264 3605 ἀριθμὸν

130 3622 236 3690 πρῶτον
253 3619 346 3688 ἔλεγον
363 3616 433 3672 εἶναι
451 3618 622 3682 δικαιοσύνην
641 3661 688 3673 .,,
709 3621 797 3671 τοῦτον
816 3619 846 3672 δὲ
865 3621 890 3670 οἱ
907 3617 959 3687 μὲν
977 3619 1022 3670 τὸν
1033 3617 1149 3689 τέσσαρα
1164 3619 1262 3690 ἔλεγον,

129 3703 188 3760 ἐπεὶ
207 3709 310 3774 πρῶτος
328 3706 367 3759 ὧν
385 3708 545 3775 τετράγωνος
563 3706 601 3761 εἰς
620 3709 665 3758 ἴσιι
684 3706 823 3775 διαιρεῖται
841 3705 885 3756 καὶ
905 3705 974 3758 ἔστιν
993 3707 1048 3760 ἴσος
1067 3703 1184 3776 {disyoip
1198 3707 1263 3775 δύο).

219 3795 236 3859 ¹)
256 3793 305 3848 Sic
324 3795 529 3860 Eyssenhardt
548 3795 642 3859 (Mart.
663 3793 782 3859 Capella
801 3810 848 3860 pg.
870 3795 930 3860 LV)
960 3799 988 3846 et
1015 3793 1126 3846 Holzer
1144 3795 1262 3862 (Varro-

129 3881 229 3944 niana,
246 3882 316 3934 Ulm
337 3882 420 3948 1890).

216 3966 236 4034 2)
255 3953 338 4020 l'lber
355 3967 536 4020 Macrobius’
557 3967 746 4020 Commentar
775 3983 813 4018 zu
841 3965 900 4019 Cic.
921 3966 1021 4018 Somn.
1042 3965 1119 4032 Scip.
1146 3966 1263 4032 (Philol.

130 4052 282 4105 Abhandl.
300 4054 350 4105 fiir
368 4055 406 4107 M.
426 4055 517 4106 Hertz
536 4067 585 4120 pg.
604 4053 655 4107 240
673 4053 756 4120 sqq.).

215 4138 240 4207 3)
257 4139 296 4204 ΙΙ,
313 4139 367 4202 ΙΙΙ,
382 4143 418 4192 15.

214 4223 235 4292 4)
254 4225 299 4286 De
325 4226 472 4278 Macrobii
500 4226 741 4279 saturnaliorum
769 4227 839 4277 lunt.
869 4239 931 4290 cap.
951 4225 1017 4288 tria,
1046 4225 1123 4277 Diss.
1141 4224 1262 4277 Vratisl.

132 4311 199 4363 1880
215 4327 265 4378 pg.
284 4311 361 4364 2—8.

215 4397 238 4464 ⁶)
256 4397 292 4450 ln
311 4399 466 4452 Timaeum
486 4399 535 4451 192
555 4400 649 4452 B—D.
