3222 5166
601 449 815 507 ...45-

478 733 562 813 VI.
595 733 666 812 De
694 733 941 813 Varrone·

230 890 360 988 Ollinia,
396 927 482 988 qnae
518 908 627 973 adbuc
649 909 880 986 tractavimus,
915 908 1050 988 scripta,
1079 926 1142 972 non
1168 908 1275 972 solum

144 1011 279 1077 Graeca
312 1011 492 1076 sedetiam
518 1011 642 1076 Latina
673 1031 689 1075 o
715 1012 857 1077 Graecis
883 1011 1030 1076 fontibus
1056 1011 1175 1075 bansta
1200 1029 1275 1076 esse

145 1113 296 1179 uldimns.
342 1117 439 1179 Nune
473 1115 539 1179 iam
570 1115 721 1196 reninms
746 1115 788 1179 ad
813 1115 896 1179 alios
921 1113 1100 1196 scriptores
1124 1115 1275 1194 Latinos,

144 1218 200 1298 qui
234 1217 350 1282 ilsdem
385 1219 417 1282 ln
454 1219 657 1299 exponendis
695 1219 793 1283 rebus
835 1237 896 1283 non
933 1217 1083 1283 Graecos
1120 1216 1277 1281 adierunt

145 1324 300 1386 auctores
322 1322 378 1387 sed
395 1323 547 1401 Latmos,
566 1323 639 1387 dico
656 1321 814 1401 Gellium,
831 1321 1061 1397 Censorinum,
1078 1319 1275 1399 Favonium,

144 1424 345 1488 Martiarum
371 1424 553 1505 Capellam.
590 1427 703 1504 Atque
721 1425 866 1490 Gellium
891 1423 1010 1502 emnia,
1034 1442 1119 1503 quae
1143 1422 1277 1488 exbibet

144 1529 246 1600 (uA.
272 1528 298 1604 I,
312 1533 361 1592 20.
387 1529 450 1607 III,
465 1533 513 1593 10.
538 1529 667 1609 XVIII,
682 1526 745 1611 14),
770 1528 913 1592 Varroni
949 1527 1104 1592 debuisse
1141 1532 1173 1591 ct
1203 1527 1275 1606 ipse

143 1631 270 1695 fatetur
293 1635 327 1696 et
348 1631 505 1697 facillime
529 1632 637 1696 evinci
652 1637 763 1712 potest
777 1622 812 1712 ¹),
836 1650 943 1712 neque
961 1631 1058 1695 aliter
1074 1629 1276 1704 censendum

144 1734 185 1798 de
209 1734 384 1800 Censorini
409 1735 482 1799 libri
506 1753 601 1815 capp.
626 1741 742 1814 4-15,
773 1734 805 1800 in
830 1735 951 1814 quibus
975 1734 1099 1814 passini
1124 1720 1277 1814 dispersa

144 1839 305 1902 nonnulla
339 1838 378 1902 de
415 1840 558 1904 numeris
594 1858 774 1918 eorumque
808 1837 993 1902 rationibus
1029 1832 1275 1919 enarrantur2).

145 1939 355 2021 Quamquam
392 1961 455 2005 nen
486 1941 569 2006 adeo
593 1941 732 2022 simplex
756 1946 814 2005 aut
835 1941 1013 2022 perspicua
1037 1946 1088 2004 est
1112 1939 1276 2020 quaestio,

145 2063 195 2132 ex.
209 2063 352 2123 quonam
370 2045 549 2124 sumpserit
566 2045 676 2125 operis
693 2045 745 2110 sui
761 2044 881 2108 librum
897 2045 975 2123 VII,
1003 2044 1035 2107 in
1055 2063 1119 2124 qno
1137 2043 1278 2108 candem

145 2147 331 2212 doctrinam
353 2148 550 2228 reperimus,
574 2149 764 2213 Martianus
789 2145 938 2228 Capella,
974 2153 1085 2212 tamen
1114 2144 1198 2213 satis
1223 2165 1277 2211 ac-

145 2256 262 2316 curate
297 2269 371 2315 eam
406 2251 564 2316 enodavit
586 2250 917 2334 Eyssenhardtiusu,
953 2250 1009 2330 qui
1036 2249 1278 2315 demonstravit

145 2355 340 2419 uniuersum
363 2354 457 2418 illum
481 2355 601 2419 librum
624 2355 761 2420 fluxisse
785 2374 825 2418 ex
850 2354 963 2418 codem
983 2355 1144 2418 Varrone.
1182 2352 1277 2432 Quae

144 2457 199 2522 ille
235 2457 276 2522 ad
310 2457 514 2538 probandam
550 2459 637 2522 hanc
671 2458 870 2522 sententiam
906 2457 940 2521 in
974 2476 1070 2522 usum
1103 2456 1216 2535 traxit,
1251 2456 1277 2520 si

145 2561 288 2626 nondum
324 2561 383 2626 tibi
415 2561 594 2642 sufficiant,
619 2559 772 2626 conferas
795 2567 930 2642 praeter
954 2559 1055 2626 Gellii
1080 2561 1171 2624 locos
1195 2577 1278 2639 quos

145 2683 247 2744 supra
263 2664 409 2730 iudicavi
426 2665 524 2730 etiam
539 2663 768 2743 Censorinum,
782 2663 934 2730 Serrium
948 2659 1003 2745 (ad
1018 2662 1090 2728 buc.
1105 2661 1200 2742 VIII,
1213 2659 1278 2744 75),

144 2767 372 2850 Augustinum
396 2765 546 2850 (Quaest.
564 2769 596 2833 in
612 2767 717 2832 Exod.
734 2767 789 2832 lib.
808 2767 844 2830 II
859 2765 909 2832 ed.
929 2766 1052 2831 Bened.
1070 2766 1097 2845 Ι,
1114 2767 1178 2845 IlI,
1190 2763 1278 2844 455),

145 2870 331 2936 Arnobium
355 2869 509 2953 (Iliae).
557 2875 560 2883 '

164 3049 165 3052 Ἴ
230 2973 302 3038 Iam
326 2975 424 3038 venie
448 2974 490 3038 ad
508 2973 706 3053 Favonium,
731 2993 828 3054 quem
853 2979 885 3038 et
904 2973 1013 3053 ipsum
1029 2971 1162 3038 Latinis
1180 2971 1277 3040 fonti·

144 3055 381 3143 buslimtales
399 3097 478 3142 suos
495 3077 654 3160 irrigasse
672 3097 774 3158 supra
790 3077 967 3142 affirmavi.
1009 3077 1120 3157 Atque
1136 3075 1277 3156 primum

146 3181 243 3245 buius
278 3180 606 3246 dissertatiunculam
643 3181 785 3244 interut
810 3179 972 3245 Macrobii
996 3179 1136 3243 similem
1160 3178 1279 3242 librum

145 3284 248 3349 ullam
271 3283 479 3349 intercedere
504 3283 771 3349 coniunctionem
795 3283 1036 3364 unusquisque,
1074 3282 1130 3361 qui
1154 3288 1278 3346 utrum-

146 3406 210 3467 que
244 3387 437 3468 inspexerit,
471 3407 609 3468 prorsus
643 3387 789 3470 negabIt.
835 3388 907 3468 Quo
942 3391 1053 3452 autem
1084 3385 1208 3450 fontem
1231 3385 1279 3448 ln·

146 3491 366 3574 vestigaturiS
404 3491 619 3556 convertendi
658 3491 722 3556 sint
761 3491 858 3570 oculi,
900 3491 971 3569 ipse
1016 3489 1111 3554 nobis
1153 3486 1280 3552 indIcat
1330 3497 1331 3502 ’

77 3611 78 3616 ’
148 3593 316 3659 Favonius
344 3600 475 3675 p.12,2
507 3594 658 3659 Holder.:
695 3593 771 3673 „Ad
806 3594 894 3659 hunc
930 3610 1103 3656 numerum
1131 3591 1280 3674 cybieum

146 3697 228 3779 (scil.
246 3697 310 3778 28),
345 3702 381 3762 nt
405 3698 571 3762 Varroni
594 3698 716 3778 placet,
752 3697 879 3761 lunaris
907 3714 1025 3761 cursus
1050 3695 1205 3778 congruit
1227 3714 1278 3759 re-

145 3801 294 3866 1111111111)ιι
319 3806 393 3879 ete,
426 3807 604 3882 practerea
627 3801 814 3865 Varronem
848 3801 942 3864 illum
977 3799 1176 3878 compilasse
1208 3798 1279 3862 veri
1318 3866 1321 3871 ,

145 3904 348 3970 simillimum
372 3921 446 3969 esse
471 3904 700 3984 arbitraberis,
735 3904 763 3968 si
787 3902 1055 3969 consideraveriS
1080 3901 1277 3984 discipulum

234 4108 251 4176 ¹)
271 4108 379 4161 Confer
397 4109 519 4161 Ritschl.
539 4124 641 4174 opusc.
660 4108 714 4172 III,
733 4124 802 4174 pgg.
821 4109 881 4172 379,
901 4108 959 4170 386,
978 4106 1029 4159 442
1049 4123 1112 4174 sqq.

232 4195 254 4262 2)
274 4194 383 4247 Confer
410 4195 502 4260 Diels
530 4196 596 4247 dex.
626 4195 676 4248 Gr.
701 4210 771 4261 pgg.
801 4194 857 4258 188,
887 4194 943 4246 197.
987 4193 1092 4257 Zeller,
1119 4193 1189 4257 111³,
1202 4193 1227 4258 2,
1239 4193 1280 4245 95.

146 4283 214 4335 adn.
234 4283 309 4334 3-4.
345 4281 477 4345 Moruni,
506 4282 578 4334 Luc.
599 4281 700 4334 Posid.
719 4296 799 4347 spec.
817 4281 855 4346 II,
882 4279 1280 4346 M11s.Rhen.52,pg.361.

230 4368 252 4437 3)
270 4366 348 4421 Edit.
365 4382 415 4434 pg.
434 4368 504 4419 LIII
522 4384 587 4435 sqq.
