3222 5166
787 449 1003 508 -34..

329 632 657 698 saeculiPlatonico
691 651 754 699 sua
788 634 1046 714 deprompsisse,
1080 627 1179 713 quam
1214 632 1373 713 temporis
1403 622 1462 698 de·¹

328 735 509 802 finitionem
544 735 666 817 optime
696 735 864 817 quadrare
889 736 930 802 ad
955 741 1101 801 nostram
1125 736 1349 819 coniecturam
1372 735 1463 802 inira

328 837 468 906 videbis.
504 839 657 904 Eundem
674 839 862 906 Gerckeum
888 859 953 906 non
969 838 1056 924 fugit
1070 839 1212 921 logicam
1229 857 1328 922 quarn
1346 839 1464 905 dicunt

329 947 434 1008 artem
445 941 643 1025 ¹adhibuisse
660 949 829 1009 auctorem
847 942 1107 1010 aristotelicam.
1136 942 1202 1008 Sed
1217 941 1305 1022 quod
1322 943 1462 1025 gravius

330 1049 391 1124 est,
425 1044 565 1111 liberum
592 1047 733 1112 hominis
758 1046 933 1112 arbitrium
957 1050 1074 1112 contra
1098 1032 1226 1112 Stoicos
1248 1046 1282 1110 in
1304 1051 1376 1111 tota
1398 1046 1464 1112 hac

329 1147 558 1229 disquisitione
592 1153 728 1216 strenue
762 1149 975 1215 contenditur
1009 1155 1111 1230 atque
1145 1148 1344 1230 defenditur,
1382 1169 1463 1215 non-

330 1270 509 1332 numquam
531 1252 649 1319 iisdem
673 1253 890 1336 argumentis,
915 1253 1034 1334 quibus
1050 1272 1130 1319 usus
1148 1257 1200 1318 est
1216 1253 1416 1319 Aristoteles
1428 1253 1463 1334 ¹),

328 1355 407 1423 item
440 1355 599 1422 mundum
620 1375 706 1422 esse
741 1362 925 1436 aeternum,
961 1357 1046 1438 quod
1081 1357 1207 1438 primus
1242 1356 1354 1423 docuit
1375 1357 1463 1422 idem

330 1459 578 1541 Aristoteles2),
613 1457 835 1544 affirmatur³)
870 1460 937 1544 (pg.
972 1466 1099 1541 207,15
1133 1460 1191 1525 cir.
1226 1480 1280 1545 pg.
1311 1466 1384 1540 300,
1397 1459 1462 1542 23).

331 1563 436 1629 Porro
460 1582 557 1644 quae
592 1563 803 1630 disseruntur
837 1564 877 1629 de
912 1563 964 1645 iis,
998 1582 1085 1644 quae
1108 1564 1285 1629 casufieri
1308 1563 1464 1638 dicuntur

330 1665 396 1751 (pg.
420 1664 657 1747 213,17sqq.),
681 1667 893 1732 consentiunt
916 1685 991 1732 oum
1014 1665 1196 1751 Stagiritae
1224 1666 1419 1748 doctrinm-l.
1453 1674 1455 1676 ’

417 1770 477 1855 Pg.
494 1774 600 1850 236,2
623 1770 748 1853 legitur
770 1769 834 1836 viri
857 1788 978 1850 corpus
1003 1788 1078 1836 esse
1102 1769 1243 1835 calidius
1268 1774 1302 1834 et
1316 1769 1463 1850 densius

330 1874 472 1940 feminae
506 1872 660 1956 trigidius
695 1879 728 1938 et
763 1873 885 1953 rarius,
923 1871 1009 1954 quod
1047 1871 1170 1957 dogma
1205 1873 1375 1954 proprium
1413 1881 1465 1939 est

331 1976 524 2044 Aristotelis
534 1975 574 2059 ⁵).
1162 2023 1164 2030 -

417 2081 609 2159 Postquam.
626 2098 679 2163 pg.
704 2083 873 2144 251-257
909 2077 1063 2146 diversas
1092 2078 1133 2144 de
1157 2079 1268 2145 anima
1291 2079 1464 2160 opiniones

333 2183 526 2262 Aristotelis
563 2201 686 2251 morem
725 2183 860 2248 secutus
897 2182 1044 2248 breviter
1081 2181 1303 2263 adumbravit,
1346 2181 1465 2248 deinde

332 2307 386 2371 pg.
410 2290 580 2352 aar-263
614 2285 817 2366 amplissime
853 2287 920 2369 egit
954 2285 995 2352 do
1023 2282 1220 2353 Aristotelis
1254 2283 1465 2369 sententiat),

334 2390 462 2470 profert
496 2395 613 2455 auctor
647 2389 795 2454 eiusdem
820 2388 954 2470 decem,
990 2409 1076 2470 quae
1099 2389 1264 2470 diountur,
1287 2389 1467 2474 categoriis

333 2499 504 2574 tamquam
527 2493 560 2556 in
585 2492 729 2557 omnium
752 2511 816 2558 usu
840 2493 985 2559 versatis
1009 2511 1092 2559 usus
1115 2492 1186 2575 (cfr.
1207 2511 1283 2578 pgg.
1302 2499 1377 2559 343.
1391 2491 1466 2574 360)

333 2601 554 2678 temperatam
589 2595 756 2676 quandam
792 2597 1005 2676 sententiam,
1040 2615 1106 2676 qua
1134 2597 1168 2662 in
1193 2596 1393 2678 explicanda
1415 2615 1465 2677 ea,

334 2720 421 2781 quae
456 2700 524 2765 ullo
558 2699 655 2765 modo
690 2698 846 2783 coniungi
878 2705 1022 2780 possunt
1055 2719 1129 2766 oum
1156 2700 1309 2766 Platonis
1344 2700 1464 2780 verbis,

335 2803 486 2889 magistri
520 2808 703 2884 praecepta
737 2808 860 2869 tuetur.
913 2804 977 2883 Ita,
1011 2803 1100 2884 quod
1134 2803 1368 2888 gravissimum
1403 2808 1465 2883 ost,

335 2908 478 2973 animam
523 2907 663 2972 rationis
706 2914 887 2987 expertem,
928 2907 1025 2973 cuius
1067 2895 1224 2975 virtutes
1253 2907 1289 2972 ἐν
1327 2906 1465 2988 θώρακι

333 3018 493 3092 posuerat
515 3011 626 3090 Plato,
651 3009 868 3076 Aristotelem
892 3016 1029 3076 secutus
1052 3010 1169 3076 tribuit
1191 3010 1282 3077 cordi
1293 3010 1343 3093 ⁷).>

399 3278 401 3282 ·
422 3251 442 3316 ¹)
460 3250 527 3302 ath.
545 3249 599 3308 111.
608 3249 633 3314 7,
645 3249 711 3302 1113
723 3265 787 3315 sqq.

420 3336 440 3405 2)
459 3337 558 3389 Zeiler
574 3336 612 3401 H,
625 3335 651 3401 2,
663 3335 713 3388 357
727 3349 792 3402 sqq.

419 3422 442 3492 ³)
463 3423 579 3487 Quodsi
605 3425 689 3488 putat
707 3421 862 3476 Gerckeus
889 3437 938 3488 pg.
957 3421 1008 3474 206
1035 3421 1108 3488 (cap.
1128 3420 1187 3479 1481
1211 3421 1317 3475 ,doceri
1343 3422 1464 3474 stoicam

334 3509 417 3562 illam
435 3508 659 3576 apocatastasin‚
677 3509 810 3575 graviter
829 3513 916 3560 errat.
946 3509 1047 3561 Unum
1061 3508 1191 3560 concedo
1203 3507 1286 3560 illam
1299 3507 1465 3561 Stoicorum

335 3597 372 3648 de
391 3596 583 3662 apocatastasi
601 3594 774 3661 opinionem
801 3594 857 3646 hoe
884 3595 948 3648 loco
971 3609 1091 3646 causam
1110 3594 1204 3647 tuisse
1221 3594 1313 3646 huius
1332 3595 1370 3646 de
1388 3609 1466 3647 anno

334 3687 468 3735 vertente
489 3681 707 3748 disputationis,
734 3680 767 3732 id
794 3681 876 3746 quod
898 3681 1067 3733 accuratius
1087 3680 1260 3747 exponendi
1276 3679 1326 3733 hic
1343 3696 1404 3734 non
1423 3683 1466 3732 est

334 3769 426 3820 locus

419 3852 443 3922 ⁴)
461 3853 558 3905 Zeller
584 3852 622 3915 11,
634 3851 660 3918 2,
672 3852 724 3906 334
736 3868 801 3920 sqq.
840 3851 991 3919 Imprimis
1018 3851 1244 3906 eonion-Ohalo.
1271 3868 1321 3919 pg.
1339 3851 1466 3918 21415—

334 3939 437 4006 alais.

413 4025 443 4095 ’6)
461 4026 559 4078 Zeller
575 4025 614 4089 11,
626 4023 651 4089 2,
665 4023 725 4076 530.

410 4112 442 4179 ¹⁶)
460 4114 505 4166 De
523 4111 622 4165 anima
640 4111 701 4175 11‚1
717 4125 782 4177 sqq.
1379 4137 1380 4144 .

420 4199 440 4267 l)
460 4199 614 4264 Quomodo
642 4198 738 4263 possit
764 4196 920 4264 explicari,
948 4196 1027 4262 quod
1054 4213 1103 4264 pg.
1122 4197 1174 4250 273
1201 4197 1392 4265 Peripatetici
1418 4197 1466 4250 ad-

335 4290 531 4339 numerantur
543 4284 590 4350 iis,
604 4283 673 4351 „qui
685 4283 762 4336 radii
775 4284 919 4336 effusione
932 4283 1031 4335 visum
1045 4286 1163 4350 operari
1175 4288 1307 4352 putant“,
1328 4283 1468 4350 equidem

335 4373 444 4436 nescio,
463 4370 522 4424 rfisi
541 4370 696 4437 putaveris
713 4384 809 4421 unum
822 4384 837 4421 e
851 4369 1070 4436 posterioribus
1084 4370 1292 4437 Peripateticis
1305 4384 1359 4422 suo
1372 4370 1469 4436 magis
