3222 5166
803 455 1011 514 ..42-

531 636 684 692 Macrobii.
1131 635 1270 688 Theonis·

340 757 436 809 usque
459 742 497 794 ad
520 741 707 794 medietatem
731 741 813 793 velut
835 741 877 791 di·
903 774 905 782 .
932 737 997 790 arida
1007 737 1200 808 διχοτόμοοτῆς
1210 735 1315 800 σελήνης
1325 734 1471 806 δρωμὲνης,

340 828 398 880 visi
416 828 498 880 orbis
517 827 671 890 exerescit,
693 831 722 878 61
740 824 879 894 διχότομος
903 850 905 933 χ
929 825 962 892 τῇ
983 821 1014 876 δὲ
1036 821 1146 893 δευτέρᾳ
1168 822 1363 888 πλησισελὴκοο,
1386 825 1418 892 τῇ
1441 822 1474 876 δὲ

339 919 411 966 tuno
441 916 572 977 vocatur,
602 913 744 965 secundis
774 912 878 964 orbem
903 940 905 977 χ
930 910 1001 979 τρίτῃ
1030 909 1180 980 διχοτόμοο,
1209 910 1289 962 τιοίίῑιν
1315 907 1346 961 δὲ
1372 910 1403 978 τῇ
1431 925 1472 962 τε-

339 1004 432 1054 totum
460 1002 651 1052 renascentes
678 998 765 1064 ignes
796 998 876 1050 eolli-
903 988 905 1001 ¹
932 996 1008 1066 τάρτχ
1021 995 1136 1048 σύνοδον
1148 992 1306 1064 ποιουμένης
1318 993 1384 1062 πρὸς
1400 993 1473 1058 ἥλιον

339 1085 438 1152 gendo
450 1085 510 1136 iam
524 1085 652 1149 complet
665 1087 694 1135 et
705 1083 794 1148 plena
806 1087 878 1135 tunc
930 1080 975 1132 καὶ
995 1081 1085 1150 ἀρχήν
1102 1079 1192 1152 ἑτέρου
1210 1081 1300 1150 μηνός.

341 1170 460 1234 dicitur,
487 1169 582 1221 tertiis
611 1167 750 1237 διχότομος
771 1185 879 1222 rursus

340 1256 477 1320 efficitur,
513 1269 582 1307 cum
617 1255 655 1324 ad
690 1255 878 1308 medietatem

341 1341 542 1394 decrescendo
556 1339 750 1406 contrahitur,
765 1342 878 1408 quartis

340 1428 444 1480 ultima
466 1425 590 1478 luminis
613 1427 660 1478 sui
680 1426 878 1480 diminutione

339 1509 485 1566 tenuaturss
522 1515 637 1577 septem
665 1527 784 1578 quoque
810 1528 877 1578 per·
965 1516 1051 1566 Anat.
1088 1530 1136 1580 pg.
1164 1515 1205 1568 36.
1252 1509 1329 1580 αὐτῆς
1364 1512 1473 1576 σελήνης

339 1597 564 1662 mutationibus
573 1612 647 1665 quas
659 1597 753 1665 φάσεις
763 1603 878 1662 vocant,
932 1599 1027 1667 φάσεις
1045 1599 1077 1664 ζ’,

339 1687 398 1734 1616
428 1698 531 1735 mense
564 1684 772 1750 distinguitur:
810 1700 876 1735 cum
966 1686 1006 1742 δὶς
1027 1683 1174 1757 μηνοειδής,
1198 1685 1238 1742 δὶς
1261 1685 1407 1756 διχότομος,
1432 1686 1473 1742 δὶς

339 1770 486 1835 nascitur,
513 1786 581 1824 eum
611 1771 644 1823 fit
674 1768 821 1838 διχότομος,
851 1773 879 1822 61
932 1774 1106 1845 ἀμφίκυρτος,
1126 1770 1198 1834 cina}
1219 1770 1389 1836 πανσέληνος.

340 1871 409 1907 cum
431 1855 465 1907 fit
488 1854 663 1924 ἀμφίκυρτος,
686 1873 755 1910 cum
781 1857 879 1923 plena,

340 1944 368 1993 61
390 1956 498 1993 rursus
522 1941 697 2011 ἀμφίκυρτος,
726 1961 758 1997 16
781 1945 889 2001 (16116Ι

340 2024 487 2095 διχότομος,
507 2031 535 2080 61
554 2046 623 2082 cum
637 2032 674 2083 ad
687 2047 741 2083 nos
754 2028 879 2083 luminis

339 2113 535 2167 universitate
546 2117 693 2182 privatur.
712 2111 880 2184 ἀμφίκυρτος

340 2203 505 2265 astantem,
525 2216 594 2254 cum
607 2208 661 2255 etc.
683 2244 688 2256 .
703 2242 708 2254 .
723 2243 728 2256 .
748 2202 792 2253 sol
806 2217 877 2268 quo·

340 2300 399 2351 que
421 2286 495 2352 ipse,
520 2287 557 2339 de
581 2304 639 2355 quo
663 2289 757 2341 vitam
780 2288 880 2340 omnia

340 2376 524 2438 mutuantur,
543 2375 670 2441 septimo
690 2375 777 2442 signo
798 2373 879 2425 vices

340 2472 410 2509 suas
433 2459 536 2511 variat.
559 2476 628 2512 nam
652 2476 668 2512 a
690 2460 817 2512 solstitio
835 2459 879 2510 hi·
966 2478 1016 2530 pg.
1035 2463 1076 2515 36,
1118 2461 1148 2512 al
1177 2458 1314 2532 ἰσημερίαι
1343 2460 1377 2512 δι’
1408 2459 1477 2514 ἑπτὰ

341 2545 429 2597 emali
463 2545 500 2596 ad
537 2546 684 2598 aestivum
720 2545 880 2610 solstitium
931 2549 1027 2616 μηνῶν
1044 2546 1090 2598 καὶ
1116 2548 1146 2599 αἱ
1162 2548 1266 2615 τροπαί.

340 2630 466 2695 septimo
485 2632 623 2697 pervenit
641 2634 726 2700 signo
746 2636 774 2684 61
792 2635 878 2684 atro-

338 2716 405 2782 pico
424 2731 518 2770 verno
536 2733 634 2784 usque
652 2720 689 2770 ad
707 2719 879 2771 autumnale
905 2702 908 2756 t

340 2803 490 2868 tropicum
521 2805 642 2870 septimi
678 2804 758 2871 signi
793 2819 878 2870 pera-

340 2890 477 2954 gratione
495 2890 681 2954 perducitur.

426 3011 520 3093 Quae
545 3017 730 3092 sequuntur
753 3013 840 3094 apud
857 3015 1066 3080 Macrobium
1089 3013 1165 3079 inde
1190 3033 1210 3078 a
1234 3016 1253 3078 l.
1271 3015 1297 3079 Ι.
1315 3034 1341 3079 c.
1359 3015 1418 3095 VI,
1431 3021 1475 3080 60

343 3113 447 3196 usque
473 3117 514 3180 ad
539 3135 565 3180 o.
584 3116 641 3194 VI,
657 3121 706 3194 76,
731 3116 890 3184 universa
913 3118 981 3183 fere
998 3123 1068 3183 tam
1085 3123 1242 3184 accurate
1259 3119 1475 3184 consentiunt

340 3238 412 3283 oum
429 3219 480 3298 iis,
505 3237 590 3298 quae
607 3219 773 3284 habemur
788 3220 821 3283 in
837 3220 1116 3305 Theologumenis
1133 3220 1362 3301 arithmeticis
1384 3240 1472 3302 quae

342 3330 514 3402 vocantur,
537 3343 591 3407 pg.
608 3328 810 3404 45,13-50,
826 3331 861 3388 ll
889 3323 990 3406 (Ast),
1013 3329 1051 3390 ut
1067 3326 1099 3389 al
1116 3343 1153 3388 er
1169 3326 1311 3390 alterum
1327 3325 1473 3392 vertisse

341 3427 505 3507 videatur,
540 3445 612 3492 cum
651 3445 715 3492 161
750 3429 965 3494 inveniantur
999 3427 1088 3509 apud
1126 3428 1227 3493 alium
1266 3428 1471 3510 scriptorem.

340 3532 423 3595 Tum
459 3538 570 3595 autom
604 3549 723 3596 rursus
758 3531 962 3596 concordant
995 3530 1185 3596 Macrobius
1220 3537 1253 3595 61
1282 3532 1472 3598 Α16161116.

340 3634 404 3700 Sed
422 3634 462 3699 de
479 3634 751 3700 similitudinibus
766 3635 939 3701 haetenus.
964 3637 993 3701 N
998 3655 1041 3702 on
1057 3634 1168 3702 omnia
1182 3634 1265 3700 adeo
1278 3635 1472 3702 cohaerent.

340 3739 563 3804 Inveniuntur
585 3757 650 3802 161
673 3757 793 3819 pauca,
828 3757 913 3820 quae
937 3739 1037 3820 plane
1061 3743 1140 3804 sunt
1163 3738 1308 3818 diversa,
1332 3757 1473 3820 quorum

340 3841 428 3922 quod
451 3847 501 3906 est
526 3842 668 3906 maxime
696 3842 910 3907 memorabile
939 3844 1125 3924 exemplum
1152 3842 1275 3926 legitur
1297 3842 1358 3907 sub
1382 3849 1472 3908 octo-

339 3945 434 4010 nario
469 3964 616 4009 numero.
662 3944 799 4009 Iustitia
833 3945 929 4024 enim,
965 3964 1050 4026 quae
1081 3947 1143 4010 hoo
1167 3946 1238 4011 loco
1261 3944 1405 4010 refertur
1429 3945 1470 4011 ad

339 4050 430 4114 illum
456 4068 640 4128 nanterum,
676 4048 763 4128 apud
788 4048 985 4114 Anatolium
1020 4053 1234 4130 nuncupatur
1265 4050 1471 4130 quaternarii

339 4153 470 4219 nomine
483 4150 516 4235 ¹).
562 4152 626 4218 Sed
662 4152 823 4218 eiusmodi
863 4152 1096 4235 discrepantiis
1135 4171 1200 4218 161
1237 4157 1348 4236 potest
1381 4153 1471 4218 labe·

340 4262 445 4356 ——a
465 4261 575 4342 (111161
592 4290 679 4341 Alex.
698 4290 730 4341 in
749 4290 878 4356 Metaph.
903 4305 951 4356 pg.
970 4290 1056 4354 38,10
1083 4289 1244 4355 Hayduck:
1272 4288 1316 4354 τῆς
1340 4286 1393 4361 μὲν
1419 4287 1475 4358 χδρ

340 4377 505 4438 δικαιοσύνῃ
532 4375 601 4426 ἴδιον
629 4374 859 4445 διτολςιμμιίνοκτες
885 4371 956 4429 εἶναι
984 4375 1011 4427 τὸ
1039 4371 1233 4430 circinationem
1251 4375 1339 4428 16161
1360 4377 1426 4440 ἴσον,
1445 4369 1476 4428 ἓν
