<?xml version="1.0" encoding="UTF-8"?>
<!DOCTYPE html PUBLIC "-//W3C//DTD XHTML 1.0 Transitional//EN"
    "http://www.w3.org/TR/xhtml1/DTD/xhtml1-transitional.dtd">
<html xmlns="http://www.w3.org/1999/xhtml" xml:lang="en" lang="en">
 <head>
  <title>
</title>
<meta http-equiv="Content-Type" content="text/html;charset=utf-8" />
  <meta name='ocr-system' content='tesseract 3.04.00' />
  <meta name='ocr-capabilities' content='ocr_page ocr_carea ocr_par ocr_line ocrx_word'/>
</head>
<body>
  <div class='ocr_page' id='page_1' title='image "./deanatoliifonti01borggoog_0058.png"; bbox 0 0 3222 5166; ppageno 0'>
   <div class='ocr_carea' id='block_1_1' title="bbox 614 441 829 502">
    <p class='ocr_par' dir='ltr' id='par_1_1' title="bbox 614 441 829 502">
     <span class='ocr_line' id='line_1_1' title="bbox 614 441 829 502; baseline -0.009 -18"><span class='ocrx_word' id='word_1_1' title='bbox 614 441 829 502; x_wconf 59' lang='grc'><strong>-51,</strong></span> 
     </span>
    </p>
   </div>
   <div class='ocr_carea' id='block_1_2' title="bbox 149 605 1289 1230">
    <p class='ocr_par' dir='ltr' id='par_1_2' title="bbox 149 605 1289 1230">
     <span class='ocr_line' id='line_1_2' title="bbox 156 605 1287 709; baseline -0.001 -18"><span class='ocrx_word' id='word_1_2' title='bbox 156 627 303 706; x_wconf 89' lang='lat' dir='ltr'>pendere</span> <span class='ocrx_word' id='word_1_3' title='bbox 327 607 522 708; x_wconf 82' lang='lat' dir='ltr'>comparuit,¹</span> <span class='ocrx_word' id='word_1_4' title='bbox 545 635 664 709; x_wconf 85' lang='lat' dir='ltr'>restat,</span> <span class='ocrx_word' id='word_1_5' title='bbox 691 636 729 694; x_wconf 86' lang='lat' dir='ltr'>ut</span> <span class='ocrx_word' id='word_1_6' title='bbox 744 605 930 692; x_wconf 84' lang='lat' dir='ltr'>Varronem</span> <span class='ocrx_word' id='word_1_7' title='bbox 956 644 1084 706; x_wconf 84' lang='lat' dir='ltr'>quoquc</span> <span class='ocrx_word' id='word_1_8' title='bbox 1109 645 1149 690; x_wconf 83' lang='lat' dir='ltr'>ex</span> <span class='ocrx_word' id='word_1_9' title='bbox 1173 627 1287 692; x_wconf 91' lang='lat' dir='ltr'>eodem</span> 
     </span>
     <span class='ocr_line' id='line_1_3' title="bbox 156 728 1289 814; baseline 0.002 -20"><span class='ocrx_word' id='word_1_10' title='bbox 156 728 248 795; x_wconf 88' lang='lat' dir='ltr'>fonte</span> <span class='ocrx_word' id='word_1_11' title='bbox 273 734 373 811; x_wconf 86' lang='lat' dir='ltr'>atque</span> <span class='ocrx_word' id='word_1_12' title='bbox 397 730 563 811; x_wconf 72' lang='lat' dir='ltr'>auctores</span> <span class='ocrx_word' id='word_1_13' title='bbox 598 730 638 796; x_wconf 89' lang='lat' dir='ltr'>de</span> <span class='ocrx_word' id='word_1_14' title='bbox 662 731 784 812; x_wconf 90' lang='lat' dir='ltr'>quibus</span> <span class='ocrx_word' id='word_1_15' title='bbox 807 748 912 810; x_wconf 85' lang='lat' dir='ltr'>supra</span> <span class='ocrx_word' id='word_1_16' title='bbox 935 728 1089 814; x_wconf 70' lang='lat' dir='ltr'>egimus·</span> <span class='ocrx_word' id='word_1_17' title='bbox 1104 729 1137 794; x_wconf 93' lang='lat' dir='ltr'>in</span> <span class='ocrx_word' id='word_1_18' title='bbox 1161 728 1289 796; x_wconf 86' lang='lat' dir='ltr'>rivulos</span> 
     </span>
     <span class='ocr_line' id='line_1_4' title="bbox 157 824 1288 918; baseline 0 -19"><span class='ocrx_word' id='word_1_19' title='bbox 157 852 237 899; x_wconf 89' lang='lat' dir='ltr'>suos</span> <span class='ocrx_word' id='word_1_20' title='bbox 260 833 434 918; x_wconf 73' lang='lat' dir='ltr'>derivasse</span> <span class='ocrx_word' id='word_1_21' title='bbox 458 833 724 901; x_wconf 79' lang='lat' dir='ltr'>demonstremus</span> <span class='ocrx_word' id='word_1_22' title='bbox 748 853 799 914; x_wconf 86' lang='lat' dir='ltr'>ea,</span> <span class='ocrx_word' id='word_1_23' title='bbox 834 851 920 914; x_wconf 89' lang='lat' dir='ltr'>quae</span> <span class='ocrx_word' id='word_1_24' title='bbox 955 824 1011 898; x_wconf 85' lang='lat' dir='ltr'>ab&#39;</span> <span class='ocrx_word' id='word_1_25' title='bbox 1028 852 1067 898; x_wconf 91' lang='lat' dir='ltr'>eo</span> <span class='ocrx_word' id='word_1_26' title='bbox 1091 852 1210 900; x_wconf 89' lang='lat' dir='ltr'>rursus</span> <span class='ocrx_word' id='word_1_27' title='bbox 1233 853 1288 899; x_wconf 85' lang='lat' dir='ltr'>ac·</span> 
     </span>
     <span class='ocr_line' id='line_1_5' title="bbox 149 933 1289 1021; baseline 0.001 -19"><span class='ocrx_word' id='word_1_28' title='bbox 149 933 320 1019; x_wconf 69' lang='lat' dir='ltr'>&#39;ceperunt</span> <span class='ocrx_word' id='word_1_29' title='bbox 352 937 408 1003; x_wconf 89' lang='lat' dir='ltr'>illi.</span> <span class='ocrx_word' id='word_1_30' title='bbox 455 937 532 1019; x_wconf 78' lang='lat' dir='ltr'>Qua</span> <span class='ocrx_word' id='word_1_31' title='bbox 564 939 598 1003; x_wconf 95' lang='lat' dir='ltr'>in</span> <span class='ocrx_word' id='word_1_32' title='bbox 632 957 669 1003; x_wconf 90' lang='lat' dir='ltr'>re</span> <span class='ocrx_word' id='word_1_33' title='bbox 700 957 765 1005; x_wconf 93' lang='lat' dir='ltr'>non</span> <span class='ocrx_word' id='word_1_34' title='bbox 788 937 947 1003; x_wconf 88' lang='lat' dir='ltr'>debemus</span> <span class='ocrx_word' id='word_1_35' title='bbox 970 941 1117 1003; x_wconf 87' lang='lat' dir='ltr'>tractare</span> <span class='ocrx_word' id='word_1_36' title='bbox 1141 937 1289 1021; x_wconf 87' lang='lat' dir='ltr'>singulos</span> 
     </span>
     <span class='ocr_line' id='line_1_6' title="bbox 157 1039 1289 1122; baseline -0.002 -16"><span class='ocrx_word' id='word_1_37' title='bbox 157 1040 349 1122; x_wconf 68' lang='lat' dir='ltr'>scriptores</span> <span class='ocrx_word' id='word_1_38' title='bbox 383 1041 441 1107; x_wconf 92' lang='lat' dir='ltr'>sed</span> <span class='ocrx_word' id='word_1_39' title='bbox 476 1045 640 1122; x_wconf 86' lang='lat' dir='ltr'>praestat,</span> <span class='ocrx_word' id='word_1_40' title='bbox 674 1047 843 1122; x_wconf 79' lang='lat' dir='ltr'>quatenus</span> <span class='ocrx_word' id='word_1_41' title='bbox 878 1039 1048 1108; x_wconf 87' lang='lat' dir='ltr'>commode</span> <span class='ocrx_word' id='word_1_42' title='bbox 1075 1039 1146 1106; x_wconf 88' lang='lat' dir='ltr'>fieri</span> <span class='ocrx_word' id='word_1_43' title='bbox 1168 1044 1289 1122; x_wconf 84' lang='lat' dir='ltr'>potest,</span> 
     </span>
     <span class='ocr_line' id='line_1_7' title="bbox 157 1143 1201 1230; baseline 0 -22"><span class='ocrx_word' id='word_1_44' title='bbox 157 1163 272 1209; x_wconf 87' lang='lat' dir='ltr'>omnes</span> <span class='ocrx_word' id='word_1_45' title='bbox 295 1162 363 1210; x_wconf 87' lang='lat' dir='ltr'>una</span> <span class='ocrx_word' id='word_1_46' title='bbox 384 1144 512 1226; x_wconf 88' lang='lat' dir='ltr'>positos</span> <span class='ocrx_word' id='word_1_47' title='bbox 536 1144 688 1211; x_wconf 86' lang='lat' dir='ltr'>conferre</span> <span class='ocrx_word' id='word_1_48' title='bbox 712 1164 785 1211; x_wconf 91' lang='lat' dir='ltr'>cum</span> <span class='ocrx_word' id='word_1_49' title='bbox 810 1143 971 1230; x_wconf 83' lang='lat' dir='ltr'>Anatolio</span> <span class='ocrx_word' id='word_1_50' title='bbox 993 1145 1048 1209; x_wconf 84' lang='lat' dir='ltr'>vel</span> <span class='ocrx_word' id='word_1_51' title='bbox 1072 1143 1201 1210; x_wconf 88' lang='lat' dir='ltr'>ceteris.</span> 
     </span>
    </p>
   </div>
   <div class='ocr_carea' id='block_1_3' title="bbox 195 1314 1229 1382">
    <p class='ocr_par' dir='ltr' id='par_1_3' title="bbox 195 1314 1229 1382">
     <span class='ocr_line' id='line_1_8' title="bbox 195 1314 1229 1382; baseline 0 -16"><span class='ocrx_word' id='word_1_52' title='bbox 195 1315 280 1367; x_wconf 82' lang='lat' dir='ltr'>Mart.</span> <span class='ocrx_word' id='word_1_53' title='bbox 299 1327 348 1380; x_wconf 87' lang='lat' dir='ltr'>pg.</span> <span class='ocrx_word' id='word_1_54' title='bbox 367 1314 478 1380; x_wconf 82' lang='lat'>257‚26.</span> <span class='ocrx_word' id='word_1_55' title='bbox 586 1317 696 1370; x_wconf 82' lang='lat' dir='ltr'>Favon.</span> <span class='ocrx_word' id='word_1_56' title='bbox 715 1331 765 1382; x_wconf 86' lang='lat' dir='ltr'>pg.</span> <span class='ocrx_word' id='word_1_57' title='bbox 782 1314 859 1380; x_wconf 60' lang='lat'>228.</span> <span class='ocrx_word' id='word_1_58' title='bbox 985 1315 1101 1368; x_wconf 82' lang='lat' dir='ltr'>Anatol.</span> <span class='ocrx_word' id='word_1_59' title='bbox 1119 1330 1168 1382; x_wconf 84' lang='lat' dir='ltr'>pg.</span> <span class='ocrx_word' id='word_1_60' title='bbox 1187 1314 1229 1367; x_wconf 77' lang='lat'>29.</span> 
     </span>
    </p>
   </div>
   <div class='ocr_carea' id='block_1_4' title="bbox 154 1407 1291 2245">
    <p class='ocr_par' dir='ltr' id='par_1_4' title="bbox 154 1407 1291 2245">
     <span class='ocr_line' id='line_1_9' title="bbox 191 1407 1291 1486; baseline 0.002 -16"><span class='ocrx_word' id='word_1_61' title='bbox 191 1419 266 1470; x_wconf 86' lang='lat' dir='ltr'>Prae</span> <span class='ocrx_word' id='word_1_62' title='bbox 286 1418 402 1471; x_wconf 87' lang='lat' dir='ltr'>cunctis</span> <span class='ocrx_word' id='word_1_63' title='bbox 423 1419 517 1486; x_wconf 80' lang='lat' dir='ltr'>igitur</span> <span class='ocrx_word' id='word_1_64' title='bbox 578 1419 655 1472; x_wconf 85' lang='lat' dir='ltr'>Nam</span> <span class='ocrx_word' id='word_1_65' title='bbox 671 1419 829 1472; x_wconf 75' lang='lat' dir='ltr'>monadem</span> <span class='ocrx_word' id='word_1_66' title='bbox 841 1407 910 1472; x_wconf 71' lang='lat' dir='ltr'>non=</span> <span class='ocrx_word' id='word_1_67' title='bbox 963 1415 1048 1484; x_wconf 73' lang='grc' dir='ltr'>μονιὲε</span> <span class='ocrx_word' id='word_1_68' title='bbox 1064 1414 1181 1486; x_wconf 82' lang='grc' dir='ltr'>προτέρα</span> <span class='ocrx_word' id='word_1_69' title='bbox 1193 1415 1291 1473; x_wconf 77' lang='grc' dir='ltr'>παντός</span> 
     </span>
     <span class='ocr_line' id='line_1_10' title="bbox 156 1495 1289 1572; baseline 0.004 -17"><span class='ocrx_word' id='word_1_70' title='bbox 156 1503 254 1556; x_wconf 78' lang='lat' dir='ltr'>adfata</span> <span class='ocrx_word' id='word_1_71' title='bbox 290 1519 375 1556; x_wconf 84' lang='lat' dir='ltr'>sacra</span> <span class='ocrx_word' id='word_1_72' title='bbox 412 1519 516 1557; x_wconf 90' lang='lat' dir='ltr'>monas</span> <span class='ocrx_word' id='word_1_73' title='bbox 543 1521 712 1570; x_wconf 87' lang='lat' dir='ltr'>numerum,</span> <span class='ocrx_word' id='word_1_74' title='bbox 730 1506 783 1558; x_wconf 83' lang='lat' dir='ltr'>scd</span> <span class='ocrx_word' id='word_1_75' title='bbox 801 1520 903 1558; x_wconf 88' lang='lat' dir='ltr'>semen</span> <span class='ocrx_word' id='word_1_76' title='bbox 928 1501 1058 1572; x_wconf 77' lang='grc' dir='ltr'>ἀριθμοῦ,</span> <span class='ocrx_word' id='word_1_77' title='bbox 1085 1501 1115 1564; x_wconf 76' lang='grc' dir='ltr'>ἐξ</span> <span class='ocrx_word' id='word_1_78' title='bbox 1136 1495 1166 1567; x_wconf 73' lang='grc' dir='ltr'>ἧς</span> <span class='ocrx_word' id='word_1_79' title='bbox 1187 1502 1289 1570; x_wconf 76' lang='grc' dir='ltr'>πάντες,</span> 
     </span>
     <span class='ocr_line' id='line_1_11' title="bbox 156 1584 1290 1655; baseline 0.004 -14"><span class='ocrx_word' id='word_1_80' title='bbox 156 1592 229 1653; x_wconf 84' lang='lat' dir='ltr'>esto,</span> <span class='ocrx_word' id='word_1_81' title='bbox 243 1594 515 1655; x_wconf 85' lang='lat' dir='ltr'>quamanteounc-</span> <span class='ocrx_word' id='word_1_82' title='bbox 544 1595 573 1644; x_wconf 87' lang='lat' dir='ltr'>et</span> <span class='ocrx_word' id='word_1_83' title='bbox 585 1591 785 1645; x_wconf 86' lang='lat' dir='ltr'>substantiam</span> <span class='ocrx_word' id='word_1_84' title='bbox 799 1606 902 1643; x_wconf 89' lang='lat' dir='ltr'>nume·</span> <span class='ocrx_word' id='word_1_85' title='bbox 930 1587 995 1652; x_wconf 76' lang='grc' dir='ltr'>αὐτοὶ</span> <span class='ocrx_word' id='word_1_86' title='bbox 1031 1587 1062 1642; x_wconf 74' lang='grc' dir='ltr'>δὲ</span> <span class='ocrx_word' id='word_1_87' title='bbox 1096 1587 1141 1642; x_wconf 71' lang='grc' dir='ltr'>ὑπ’</span> <span class='ocrx_word' id='word_1_88' title='bbox 1174 1584 1290 1648; x_wconf 77' lang='grc' dir='ltr'>οὐδενός.</span> 
     </span>
     <span class='ocr_line' id='line_1_12' title="bbox 155 1667 1290 1745; baseline 0.004 -19"><span class='ocrx_word' id='word_1_89' title='bbox 155 1679 185 1727; x_wconf 87' lang='lat' dir='ltr'>ta</span> <span class='ocrx_word' id='word_1_90' title='bbox 211 1673 380 1728; x_wconf 75' lang='lat' dir='ltr'>vibrantem</span> <span class='ocrx_word' id='word_1_91' title='bbox 412 1667 517 1729; x_wconf 83' lang='lat' dir='ltr'>s&#39;ociati</span> <span class='ocrx_word' id='word_1_92' title='bbox 544 1691 647 1730; x_wconf 89' lang='lat' dir='ltr'>rorum</span> <span class='ocrx_word' id='word_1_93' title='bbox 678 1691 743 1731; x_wconf 83' lang='lat' dir='ltr'>csse</span> <span class='ocrx_word' id='word_1_94' title='bbox 751 1678 779 1744; x_wconf 85' lang='lat'>¹),</span> <span class='ocrx_word' id='word_1_95' title='bbox 809 1677 902 1730; x_wconf 88' lang='lat' dir='ltr'>mani·</span> <span class='ocrx_word' id='word_1_96' title='bbox 930 1672 971 1726; x_wconf 75' lang='grc' dir='ltr'>διὸ</span> <span class='ocrx_word' id='word_1_97' title='bbox 999 1675 1116 1728; x_wconf 64' lang='grc' dir='ltr'>καλεῖται</span> <span class='ocrx_word' id='word_1_98' title='bbox 1145 1675 1210 1745; x_wconf 75' lang='grc' dir='ltr'>γόνη</span> <span class='ocrx_word' id='word_1_99' title='bbox 1243 1675 1290 1742; x_wconf 76' lang='grc' dir='ltr'>ὕλη</span> 
     </span>
     <span class='ocr_line' id='line_1_13' title="bbox 155 1752 1227 1832; baseline 0.004 -20"><span class='ocrx_word' id='word_1_100' title='bbox 155 1760 348 1827; x_wconf 90' lang='lat' dir='ltr'>postmodum</span> <span class='ocrx_word' id='word_1_101' title='bbox 397 1763 517 1815; x_wconf 87' lang='lat' dir='ltr'>numeri</span> <span class='ocrx_word' id='word_1_102' title='bbox 543 1761 653 1816; x_wconf 77' lang='lat' dir='ltr'>festum‘</span> <span class='ocrx_word' id='word_1_103' title='bbox 930 1752 997 1813; x_wconf 79' lang='grc' dir='ltr'>οὖσα</span> <span class='ocrx_word' id='word_1_104' title='bbox 1019 1761 1074 1812; x_wconf 76' lang='grc' dir='ltr'>τοῖν</span> <span class='ocrx_word' id='word_1_105' title='bbox 1096 1760 1227 1832; x_wconf 71' lang='grc' dir='ltr'>ἀριθμῶν</span> 
     </span>
     <span class='ocr_line' id='line_1_14' title="bbox 154 1845 517 1913; baseline 0.006 -15"><span class='ocrx_word' id='word_1_106' title='bbox 154 1845 307 1913; x_wconf 84' lang='lat' dir='ltr'>principia</span> <span class='ocrx_word' id='word_1_107' title='bbox 342 1847 517 1900; x_wconf 83' lang='lat' dir='ltr'>docuerunt</span> 
     </span>
     <span class='ocr_line' id='line_1_15' title="bbox 233 1933 517 1999; baseline 0 -14"><span class='ocrx_word' id='word_1_108' title='bbox 233 1933 270 1985; x_wconf 88' lang='lat' dir='ltr'>ab</span> <span class='ocrx_word' id='word_1_109' title='bbox 299 1947 392 1999; x_wconf 85' lang='lat' dir='ltr'>eaque</span> <span class='ocrx_word' id='word_1_110' title='bbox 420 1936 517 1986; x_wconf 88' lang='lat' dir='ltr'>cetera</span> 
     </span>
     <span class='ocr_line' id='line_1_16' title="bbox 155 2018 517 2086; baseline 0.003 -15"><span class='ocrx_word' id='word_1_111' title='bbox 155 2019 310 2085; x_wconf 88' lang='lat' dir='ltr'>procreari</span> <span class='ocrx_word' id='word_1_112' title='bbox 323 2018 517 2086; x_wconf 86' lang='lat' dir='ltr'>omniumque</span> 
     </span>
     <span class='ocr_line' id='line_1_17' title="bbox 156 2094 516 2158; baseline -0.003 0"><span class='ocrx_word' id='word_1_113' title='bbox 156 2094 354 2158; x_wconf 82' lang='lat' dir='ltr'>numerorum</span> <span class='ocrx_word' id='word_1_114' title='bbox 366 2104 459 2158; x_wconf 86' lang='lat' dir='ltr'>solam</span> <span class='ocrx_word' id='word_1_115' title='bbox 472 2119 516 2157; x_wconf 89' lang='lat' dir='ltr'>se·</span> 
     </span>
     <span class='ocr_line' id='line_1_18' title="bbox 156 2192 402 2245; baseline 0.003 -1"><span class='ocrx_word' id='word_1_116' title='bbox 156 2192 320 2244; x_wconf 86' lang='lat' dir='ltr'>minarium</span> <span class='ocrx_word' id='word_1_117' title='bbox 339 2207 402 2245; x_wconf 82' lang='lat' dir='ltr'>esse</span> 
     </span>
    </p>
   </div>
   <div class='ocr_carea' id='block_1_5' title="bbox 543 2330 1291 2654">
    <p class='ocr_par' dir='ltr' id='par_1_5' title="bbox 543 2330 1291 2654">
     <span class='ocr_line' id='line_1_19' title="bbox 579 2330 903 2398; baseline -0.009 -13"><span class='ocrx_word' id='word_1_118' title='bbox 579 2347 627 2398; x_wconf 84' lang='lat' dir='ltr'>pg.</span> <span class='ocrx_word' id='word_1_119' title='bbox 640 2332 665 2396; x_wconf 81' lang='lat'>8,</span> <span class='ocrx_word' id='word_1_120' title='bbox 675 2332 698 2383; x_wconf 78' lang='lat'>5.</span> <span class='ocrx_word' id='word_1_121' title='bbox 723 2332 829 2383; x_wconf 85' lang='lat' dir='ltr'>Menas</span> <span class='ocrx_word' id='word_1_122' title='bbox 842 2330 903 2383; x_wconf 91' lang='lat' dir='ltr'>sin-</span> 
     </span>
     <span class='ocr_line' id='line_1_20' title="bbox 544 2409 1291 2486; baseline 0.001 -18"><span class='ocrx_word' id='word_1_123' title='bbox 544 2416 687 2483; x_wconf 77' lang='lat' dir='ltr'>gularitas</span> <span class='ocrx_word' id='word_1_124' title='bbox 721 2415 904 2480; x_wconf 77' lang='lat' dir='ltr'>insecabilia,</span> <span class='ocrx_word' id='word_1_125' title='bbox 965 2409 1120 2484; x_wconf 75' lang='grc' dir='ltr'>ἀδιαίρετοι,</span> <span class='ocrx_word' id='word_1_126' title='bbox 1166 2412 1291 2486; x_wconf 68' lang='grc' dir='ltr'>ἀδιάβλη-</span> 
     </span>
     <span class='ocr_line' id='line_1_21' title="bbox 543 2502 1035 2567; baseline 0.004 -13"><span class='ocrx_word' id='word_1_127' title='bbox 543 2502 685 2567; x_wconf 81' lang='lat' dir='ltr'>indivisa,</span> <span class='ocrx_word' id='word_1_128' title='bbox 705 2502 768 2555; x_wconf 86' lang='lat' dir='ltr'>sola</span> <span class='ocrx_word' id='word_1_129' title='bbox 785 2517 847 2554; x_wconf 92' lang='lat' dir='ltr'>non</span> <span class='ocrx_word' id='word_1_130' title='bbox 866 2516 904 2553; x_wconf 85' lang='lat' dir='ltr'>cx</span> <span class='ocrx_word' id='word_1_131' title='bbox 931 2520 971 2558; x_wconf 80' lang='grc' dir='ltr'>τοο</span> <span class='ocrx_word' id='word_1_132' title='bbox 989 2544 995 2556; x_wconf 91' lang='grc'><strong>.</strong></span> <span class='ocrx_word' id='word_1_133' title='bbox 1010 2542 1035 2556; x_wconf 91' lang='grc'>..</span> 
     </span>
     <span class='ocr_line' id='line_1_22' title="bbox 544 2587 904 2654; baseline 0 -13"><span class='ocrx_word' id='word_1_134' title='bbox 544 2587 683 2654; x_wconf 85' lang='lat' dir='ltr'>partibus</span> <span class='ocrx_word' id='word_1_135' title='bbox 704 2590 844 2641; x_wconf 82' lang='lat' dir='ltr'>constans</span> <span class='ocrx_word' id='word_1_136' title='bbox 858 2628 864 2642; x_wconf 89' lang='lat'><strong>.</strong></span> <span class='ocrx_word' id='word_1_137' title='bbox 878 2626 904 2641; x_wconf 89' lang='lat'>..</span> 
     </span>
    </p>
   </div>
   <div class='ocr_carea' id='block_1_6' title="bbox 158 2719 1293 3475">
    <p class='ocr_par' dir='ltr' id='par_1_6' title="bbox 158 2719 1293 3057">
     <span class='ocr_line' id='line_1_23' title="bbox 192 2719 1292 2794; baseline 0.002 -17"><span class='ocrx_word' id='word_1_138' title='bbox 192 2739 243 2791; x_wconf 82' lang='lat' dir='ltr'>pg.</span> <span class='ocrx_word' id='word_1_139' title='bbox 255 2725 314 2790; x_wconf 80' lang='lat'>258,</span> <span class='ocrx_word' id='word_1_140' title='bbox 324 2726 349 2779; x_wconf 84' lang='lat'>9.</span> <span class='ocrx_word' id='word_1_141' title='bbox 373 2725 517 2792; x_wconf 86' lang='lat' dir='ltr'>hancigi·</span> <span class='ocrx_word' id='word_1_142' title='bbox 579 2741 627 2794; x_wconf 88' lang='lat' dir='ltr'>pg.</span> <span class='ocrx_word' id='word_1_143' title='bbox 646 2726 670 2790; x_wconf 83' lang='lat'>3,</span> <span class='ocrx_word' id='word_1_144' title='bbox 681 2726 722 2778; x_wconf 82' lang='lat'>25.</span> <span class='ocrx_word' id='word_1_145' title='bbox 790 2727 904 2793; x_wconf 80' lang='lat' dir='ltr'>Estque</span> <span class='ocrx_word' id='word_1_146' title='bbox 965 2719 1080 2779; x_wconf 75' lang='grc' dir='ltr'><strong><em>ἐκάλουν</em></strong></span> <span class='ocrx_word' id='word_1_147' title='bbox 1106 2724 1137 2780; x_wconf 76' lang='grc' dir='ltr'>δὲ</span> <span class='ocrx_word' id='word_1_148' title='bbox 1164 2721 1246 2791; x_wconf 71' lang='grc' dir='ltr'>αὐτήν</span> <span class='ocrx_word' id='word_1_149' title='bbox 1267 2728 1292 2779; x_wconf 82' lang='grc' dir='ltr'>οἱ</span> 
     </span>
     <span class='ocr_line' id='line_1_24' title="bbox 158 2809 1292 2881; baseline -0.001 -17"><span class='ocrx_word' id='word_1_150' title='bbox 158 2815 210 2864; x_wconf 86' lang='lat' dir='ltr'>tur</span> <span class='ocrx_word' id='word_1_151' title='bbox 221 2811 364 2880; x_wconf 60' lang='lat' dir='ltr'>pstremo</span> <span class='ocrx_word' id='word_1_152' title='bbox 384 2814 517 2864; x_wconf 90' lang='lat' dir='ltr'>omnium</span> <span class='ocrx_word' id='word_1_153' title='bbox 545 2827 690 2866; x_wconf 86' lang='lat' dir='ltr'>numerus</span> <span class='ocrx_word' id='word_1_154' title='bbox 710 2810 904 2880; x_wconf 73' lang='lat' dir='ltr'>(semones),</span> <span class='ocrx_word' id='word_1_155' title='bbox 931 2811 1113 2881; x_wconf 77' lang='grc' dir='ltr'>Πυθαγόρειοι</span> <span class='ocrx_word' id='word_1_156' title='bbox 1134 2814 1200 2864; x_wconf 84' lang='grc' dir='ltr'>νοῦν</span> <span class='ocrx_word' id='word_1_157' title='bbox 1217 2809 1292 2864; x_wconf 78' lang='grc' dir='ltr'><strong><em>εἰκά-</em></strong></span> 
     </span>
     <span class='ocr_line' id='line_1_25' title="bbox 159 2893 1293 2970; baseline 0.001 -21"><span class='ocrx_word' id='word_1_158' title='bbox 159 2897 261 2949; x_wconf 88' lang='lat' dir='ltr'>Iovem</span> <span class='ocrx_word' id='word_1_159' title='bbox 290 2896 348 2950; x_wconf 87' lang='lat' dir='ltr'>rite</span> <span class='ocrx_word' id='word_1_160' title='bbox 376 2912 442 2950; x_wconf 86' lang='lat' dir='ltr'>esse</span> <span class='ocrx_word' id='word_1_161' title='bbox 466 2914 517 2951; x_wconf 92' lang='lat' dir='ltr'>no·</span> <span class='ocrx_word' id='word_1_162' title='bbox 545 2904 579 2953; x_wconf 89' lang='lat' dir='ltr'>ut</span> <span class='ocrx_word' id='word_1_163' title='bbox 600 2897 812 2965; x_wconf 59' lang='lat' dir='ltr'>Xenocratem)</span> <span class='ocrx_word' id='word_1_164' title='bbox 836 2913 903 2950; x_wconf 87' lang='lat' dir='ltr'>cen·</span> <span class='ocrx_word' id='word_1_165' title='bbox 931 2903 1016 2962; x_wconf 78' lang='grc' dir='ltr'>ζοντει</span> <span class='ocrx_word' id='word_1_166' title='bbox 1032 2900 1068 2970; x_wconf 78' lang='grc' dir='ltr'>τῷ</span> <span class='ocrx_word' id='word_1_167' title='bbox 1085 2895 1127 2952; x_wconf 76' lang='grc' dir='ltr'>ἑνὶ</span> <span class='ocrx_word' id='word_1_168' title='bbox 1149 2893 1239 2962; x_wconf 80' lang='grc' dir='ltr'>αυίήν,</span> <span class='ocrx_word' id='word_1_169' title='bbox 1257 2901 1293 2970; x_wconf 76' lang='grc' dir='ltr'>τῷ</span> 
     </span>
     <span class='ocr_line' id='line_1_26' title="bbox 159 2982 1099 3057; baseline 0.003 -23"><span class='ocrx_word' id='word_1_170' title='bbox 159 2982 306 3034; x_wconf 76' lang='lat' dir='ltr'>minctum</span> <span class='ocrx_word' id='word_1_171' title='bbox 546 2986 614 3051; x_wconf 90' lang='lat' dir='ltr'>suit,</span> <span class='ocrx_word' id='word_1_172' title='bbox 636 2986 754 3038; x_wconf 83' lang='lat' dir='ltr'>animus</span> <span class='ocrx_word' id='word_1_173' title='bbox 778 3000 811 3038; x_wconf 88' lang='lat' dir='ltr'>ac</span> <span class='ocrx_word' id='word_1_174' title='bbox 830 2985 905 3038; x_wconf 83' lang='lat' dir='ltr'>deus</span> <span class='ocrx_word' id='word_1_175' title='bbox 931 2987 1015 3057; x_wconf 73' lang='grc' dir='ltr'>νοητῷ</span> <span class='ocrx_word' id='word_1_176' title='bbox 1033 2986 1099 3055; x_wconf 73' lang='grc' dir='ltr'>θεῷ,</span> 
     </span>
    </p>

    <p class='ocr_par' dir='ltr' id='par_1_7' title="bbox 546 3076 600 3125">
     <span class='ocr_line' id='line_1_27' title="bbox 546 3076 600 3125; baseline 0 0"><span class='ocrx_word' id='word_1_177' title='bbox 546 3076 600 3125; x_wconf 87' lang='lat' dir='ltr'>etc.</span> 
     </span>
    </p>

    <p class='ocr_par' dir='ltr' id='par_1_8' title="bbox 159 3149 1293 3475">
     <span class='ocr_line' id='line_1_28' title="bbox 194 3149 1217 3223; baseline 0.004 -17"><span class='ocrx_word' id='word_1_178' title='bbox 194 3153 271 3207; x_wconf 81' lang='lat' dir='ltr'>hanc</span> <span class='ocrx_word' id='word_1_179' title='bbox 312 3171 431 3223; x_wconf 84' lang='lat' dir='ltr'>quoque</span> <span class='ocrx_word' id='word_1_180' title='bbox 469 3158 520 3210; x_wconf 85' lang='lat' dir='ltr'>alii</span> <span class='ocrx_word' id='word_1_181' title='bbox 967 3153 1003 3209; x_wconf 85' lang='grc' dir='ltr'>ἔτι</span> <span class='ocrx_word' id='word_1_182' title='bbox 1020 3149 1115 3209; x_wconf 75' lang='grc' dir='ltr'>ἐνόουν</span> <span class='ocrx_word' id='word_1_183' title='bbox 1133 3154 1217 3220; x_wconf 74' lang='grc' dir='ltr'>αὔτῆν</span> 
     </span>
     <span class='ocr_line' id='line_1_29' title="bbox 161 3240 1228 3311; baseline 0.005 -20"><span class='ocrx_word' id='word_1_184' title='bbox 161 3240 359 3294; x_wconf 90' lang='lat' dir='ltr'>concordiam.</span> <span class='ocrx_word' id='word_1_185' title='bbox 370 3243 446 3296; x_wconf 86' lang='lat' dir='ltr'>hanc</span> <span class='ocrx_word' id='word_1_186' title='bbox 457 3244 518 3310; x_wconf 87' lang='lat' dir='ltr'>pie·</span> <span class='ocrx_word' id='word_1_187' title='bbox 933 3285 939 3296; x_wconf 88' lang='lat'><strong><em>.</em></strong></span> <span class='ocrx_word' id='word_1_188' title='bbox 953 3282 959 3296; x_wconf 90' lang='lat'>.</span> <span class='ocrx_word' id='word_1_189' title='bbox 973 3281 979 3296; x_wconf 93' lang='lat'>.</span> <span class='ocrx_word' id='word_1_190' title='bbox 998 3241 1164 3311; x_wconf 80' lang='grc' dir='ltr'>συμφωνίαν</span> <span class='ocrx_word' id='word_1_191' title='bbox 1182 3283 1188 3296; x_wconf 93' lang='grc'><strong>.</strong></span> <span class='ocrx_word' id='word_1_192' title='bbox 1203 3285 1208 3296; x_wconf 90' lang='grc'><em>.</em></span> <span class='ocrx_word' id='word_1_193' title='bbox 1222 3283 1228 3296; x_wconf 93' lang='grc'><strong>.</strong></span> 
     </span>
     <span class='ocr_line' id='line_1_30' title="bbox 159 3328 1081 3396; baseline 0.005 -20"><span class='ocrx_word' id='word_1_194' title='bbox 159 3328 258 3390; x_wconf 83' lang='lat' dir='ltr'>tatem,</span> <span class='ocrx_word' id='word_1_195' title='bbox 300 3328 519 3395; x_wconf 85' lang='lat' dir='ltr'>amicitiamque</span> <span class='ocrx_word' id='word_1_196' title='bbox 999 3328 1081 3396; x_wconf 81' lang='grc' dir='ltr'>φίλον</span> 
     </span>
     <span class='ocr_line' id='line_1_31' title="bbox 161 3410 274 3475; baseline 0.009 -13"><span class='ocrx_word' id='word_1_197' title='bbox 161 3410 274 3475; x_wconf 82' lang='lat' dir='ltr'>dixere,</span> 
     </span>
    </p>
   </div>
   <div class='ocr_carea' id='block_1_7' title="bbox 161 3553 1295 3796">
    <p class='ocr_par' dir='ltr' id='par_1_9' title="bbox 161 3553 1295 3796">
     <span class='ocr_line' id='line_1_32' title="bbox 195 3553 1295 3625; baseline 0.004 -19"><span class='ocrx_word' id='word_1_198' title='bbox 195 3553 363 3620; x_wconf 77' lang='lat' dir='ltr'><strong>pg.258‚22.</strong></span> <span class='ocrx_word' id='word_1_199' title='bbox 382 3557 520 3625; x_wconf 87' lang='lat' dir='ltr'>Denique</span> <span class='ocrx_word' id='word_1_200' title='bbox 951 3557 1295 3622; x_wconf 80' lang='lat' dir='ltr'>Macrob.I‚VI‚18.haec</span> 
     </span>
     <span class='ocr_line' id='line_1_33' title="bbox 161 3641 1295 3710; baseline 0.004 -18"><span class='ocrx_word' id='word_1_201' title='bbox 161 3656 231 3692; x_wconf 89' lang='lat' dir='ltr'>cum</span> <span class='ocrx_word' id='word_1_202' title='bbox 260 3656 356 3695; x_wconf 91' lang='lat' dir='ltr'>unum</span> <span class='ocrx_word' id='word_1_203' title='bbox 384 3645 461 3697; x_wconf 80' lang='lat' dir='ltr'>sactu</span> <span class='ocrx_word' id='word_1_204' title='bbox 488 3645 520 3698; x_wconf 93' lang='lat' dir='ltr'>in</span> <span class='ocrx_word' id='word_1_205' title='bbox 933 3643 1007 3710; x_wconf 88' lang='lat' dir='ltr'>(scil.</span> <span class='ocrx_word' id='word_1_206' title='bbox 1044 3642 1129 3710; x_wconf 84' lang='lat' dir='ltr'>dyas)</span> <span class='ocrx_word' id='word_1_207' title='bbox 1169 3641 1205 3694; x_wconf 89' lang='lat' dir='ltr'>ab</span> <span class='ocrx_word' id='word_1_208' title='bbox 1243 3643 1295 3696; x_wconf 86' lang='lat' dir='ltr'>illa</span> 
     </span>
     <span class='ocr_line' id='line_1_34' title="bbox 162 3727 1295 3796; baseline -0.001 -16"><span class='ocrx_word' id='word_1_209' title='bbox 162 3728 374 3796; x_wconf 89' lang='lat' dir='ltr'>quodcumque</span> <span class='ocrx_word' id='word_1_210' title='bbox 387 3730 520 3794; x_wconf 85' lang='lat' dir='ltr'>defluxe—</span> <span class='ocrx_word' id='word_1_211' title='bbox 935 3727 1149 3794; x_wconf 77' lang='lat' dir='ltr'>omnipotentia</span> <span class='ocrx_word' id='word_1_212' title='bbox 1163 3727 1295 3780; x_wconf 82' lang='lat' dir='ltr'>solitaria</span> 
     </span>
    </p>
   </div>
   <div class='ocr_carea' id='block_1_8' title="bbox 160 3932 1297 4437">
    <p class='ocr_par' dir='ltr' id='par_1_10' title="bbox 250 3932 1294 4003">
     <span class='ocr_line' id='line_1_35' title="bbox 250 3932 1294 4003; baseline 0 -17"><span class='ocrx_word' id='word_1_213' title='bbox 250 3933 268 4002; x_wconf 87' lang='lat'>¹)</span> <span class='ocrx_word' id='word_1_214' title='bbox 287 3934 393 3988; x_wconf 87' lang='lat' dir='ltr'>Isidor.</span> <span class='ocrx_word' id='word_1_215' title='bbox 413 3935 486 4003; x_wconf 81' lang='lat' dir='ltr'>orig.</span> <span class='ocrx_word' id='word_1_216' title='bbox 505 3935 592 3989; x_wconf 80' lang='lat' dir='ltr'><strong>LIII.</strong></span> <span class='ocrx_word' id='word_1_217' title='bbox 611 3935 736 4002; x_wconf 85' lang='lat' dir='ltr'>pg.103:</span> <span class='ocrx_word' id='word_1_218' title='bbox 756 3936 832 3987; x_wconf 85' lang='lat' dir='ltr'>Nam</span> <span class='ocrx_word' id='word_1_219' title='bbox 851 3950 946 3987; x_wconf 91' lang='lat' dir='ltr'>unum</span> <span class='ocrx_word' id='word_1_220' title='bbox 965 3949 1068 3987; x_wconf 88' lang='lat' dir='ltr'>semen</span> <span class='ocrx_word' id='word_1_221' title='bbox 1086 3932 1205 3985; x_wconf 89' lang='lat' dir='ltr'>numeri</span> <span class='ocrx_word' id='word_1_222' title='bbox 1220 3948 1294 3998; x_wconf 81' lang='lat' dir='ltr'>esse,</span> 
     </span>
    </p>

    <p class='ocr_par' dir='ltr' id='par_1_11' title="bbox 160 4005 1284 4094">
     <span class='ocr_line' id='line_1_36' title="bbox 160 4005 1284 4094; baseline 0.003 -20"><span class='ocrx_word' id='word_1_223' title='bbox 160 4005 223 4074; x_wconf 81' lang='lat' dir='ltr'>non</span> <span class='ocrx_word' id='word_1_224' title='bbox 241 4035 401 4094; x_wconf 83' lang='lat' dir='ltr'>numerum</span> <span class='ocrx_word' id='word_1_225' title='bbox 423 4021 562 4075; x_wconf 84' lang='lat' dir='ltr'>dicimus.</span> <span class='ocrx_word' id='word_1_226' title='bbox 1283 4071 1284 4077; x_wconf 71' lang='grc'>,</span> 
     </span>
    </p>

    <p class='ocr_par' dir='ltr' id='par_1_12' title="bbox 207 4101 1297 4175">
     <span class='ocr_line' id='line_1_37' title="bbox 207 4101 1297 4175; baseline -0.004 -16"><span class='ocrx_word' id='word_1_227' title='bbox 207 4130 209 4137; x_wconf 95' lang='grc'><em>·</em></span> <span class='ocrx_word' id='word_1_228' title='bbox 247 4104 267 4174; x_wconf 73' lang='lat'>²)</span> <span class='ocrx_word' id='word_1_229' title='bbox 285 4105 377 4172; x_wconf 84' lang='lat' dir='ltr'>Diels,</span> <span class='ocrx_word' id='word_1_230' title='bbox 390 4107 466 4160; x_wconf 80' lang='lat' dir='ltr'>Dox,</span> <span class='ocrx_word' id='word_1_231' title='bbox 478 4123 527 4175; x_wconf 83' lang='lat' dir='ltr'>pg.</span> <span class='ocrx_word' id='word_1_232' title='bbox 540 4107 599 4172; x_wconf 81' lang='lat'>304,</span> <span class='ocrx_word' id='word_1_233' title='bbox 610 4107 636 4160; x_wconf 86' lang='lat'>1:</span> <span class='ocrx_word' id='word_1_234' title='bbox 655 4105 820 4175; x_wconf 73' lang='grc' dir='ltr'>Ξενοκράτης</span> <span class='ocrx_word' id='word_1_235' title='bbox 838 4145 863 4159; x_wconf 92' lang='grc'>..</span> <span class='ocrx_word' id='word_1_236' title='bbox 878 4148 883 4160; x_wconf 92' lang='grc'><strong>.</strong></span> <span class='ocrx_word' id='word_1_237' title='bbox 903 4104 950 4168; x_wconf 75' lang='grc' dir='ltr'>τήν</span> <span class='ocrx_word' id='word_1_238' title='bbox 966 4101 1075 4174; x_wconf 75' lang='grc' dir='ltr'>μονάδα</span> <span class='ocrx_word' id='word_1_239' title='bbox 1091 4101 1137 4154; x_wconf 85' lang='grc' dir='ltr'>καὶ</span> <span class='ocrx_word' id='word_1_240' title='bbox 1150 4101 1196 4167; x_wconf 73' lang='grc' dir='ltr'>τήν</span> <span class='ocrx_word' id='word_1_241' title='bbox 1209 4101 1297 4156; x_wconf 74' lang='grc' dir='ltr'>δυάδα</span> 
     </span>
    </p>

    <p class='ocr_par' dir='ltr' id='par_1_13' title="bbox 160 4184 1295 4264">
     <span class='ocr_line' id='line_1_38' title="bbox 160 4184 1295 4264; baseline -0.004 -19"><span class='ocrx_word' id='word_1_242' title='bbox 160 4192 248 4258; x_wconf 73' lang='grc' dir='ltr'>θεούς,</span> <span class='ocrx_word' id='word_1_243' title='bbox 266 4191 314 4255; x_wconf 72' lang='grc' dir='ltr'>τήν</span> <span class='ocrx_word' id='word_1_244' title='bbox 329 4191 383 4262; x_wconf 80' lang='grc' dir='ltr'>μὲν</span> <span class='ocrx_word' id='word_1_245' title='bbox 401 4193 436 4250; x_wconf 75' lang='grc' dir='ltr'>ὥς</span> <span class='ocrx_word' id='word_1_246' title='bbox 455 4192 557 4264; x_wconf 80' lang='grc' dir='ltr'>ἄρρενα</span> <span class='ocrx_word' id='word_1_247' title='bbox 577 4191 696 4260; x_wconf 74' lang='grc' dir='ltr'>πατρὸς</span> <span class='ocrx_word' id='word_1_248' title='bbox 714 4190 832 4261; x_wconf 80' lang='grc' dir='ltr'>ἔχουσαν</span> <span class='ocrx_word' id='word_1_249' title='bbox 849 4191 920 4253; x_wconf 78' lang='grc' dir='ltr'>τάξιν</span> <span class='ocrx_word' id='word_1_250' title='bbox 932 4185 964 4243; x_wconf 79' lang='grc' dir='ltr'>ἕν</span> <span class='ocrx_word' id='word_1_251' title='bbox 975 4184 1084 4258; x_wconf 75' lang='grc' dir='ltr'>οὐρανῷ</span> <span class='ocrx_word' id='word_1_252' title='bbox 1096 4188 1295 4257; x_wconf 75' lang='grc' dir='ltr'>βασιλεύουσαν,</span> 
     </span>
    </p>

    <p class='ocr_par' dir='ltr' id='par_1_14' title="bbox 161 4269 1297 4437">
     <span class='ocr_line' id='line_1_39' title="bbox 161 4269 1297 4351; baseline -0.006 -18"><span class='ocrx_word' id='word_1_253' title='bbox 161 4277 251 4344; x_wconf 80' lang='grc' dir='ltr'>ἥντινα</span> <span class='ocrx_word' id='word_1_254' title='bbox 278 4279 472 4351; x_wconf 76' lang='grc' dir='ltr'>προσαγορεύει</span> <span class='ocrx_word' id='word_1_255' title='bbox 497 4277 544 4331; x_wconf 81' lang='grc' dir='ltr'>καὶ</span> <span class='ocrx_word' id='word_1_256' title='bbox 563 4279 647 4342; x_wconf 76' lang='grc' dir='ltr'>Ζῆνα</span> <span class='ocrx_word' id='word_1_257' title='bbox 674 4277 719 4330; x_wconf 82' lang='grc' dir='ltr'>καὶ</span> <span class='ocrx_word' id='word_1_258' title='bbox 739 4277 859 4347; x_wconf 76' lang='grc' dir='ltr'>περιττόν</span> <span class='ocrx_word' id='word_1_259' title='bbox 876 4275 922 4328; x_wconf 86' lang='grc' dir='ltr'>καὶ</span> <span class='ocrx_word' id='word_1_260' title='bbox 941 4277 1030 4340; x_wconf 80' lang='grc' dir='ltr'>νοῦν,</span> <span class='ocrx_word' id='word_1_261' title='bbox 1050 4271 1118 4330; x_wconf 74' lang='grc' dir='ltr'>ὅστις</span> <span class='ocrx_word' id='word_1_262' title='bbox 1136 4269 1208 4327; x_wconf 72' lang='grc' dir='ltr'>ἐστὶν</span> <span class='ocrx_word' id='word_1_263' title='bbox 1228 4269 1297 4346; x_wconf 73' lang='grc' dir='ltr'>αὐτῷ</span> 
     </span>
     <span class='ocr_line' id='line_1_40' title="bbox 161 4364 353 4437; baseline 0.005 -19"><span class='ocrx_word' id='word_1_264' title='bbox 161 4367 265 4437; x_wconf 74' lang='grc' dir='ltr'>πρῶτος</span> <span class='ocrx_word' id='word_1_265' title='bbox 282 4364 353 4421; x_wconf 72' lang='grc' dir='ltr'><em>θεός.</em></span> 
     </span>
    </p>
   </div>
   <div class='ocr_carea' id='block_1_9' title="bbox 1156 4445 1187 4500">
    <p class='ocr_par' dir='ltr' id='par_1_15' title="bbox 1156 4445 1187 4500">
     <span class='ocr_line' id='line_1_41' title="bbox 1156 4445 1187 4500; baseline 0 -27"><span class='ocrx_word' id='word_1_266' title='bbox 1156 4445 1187 4500; x_wconf 78' lang='lat'>4.</span> 
     </span>
    </p>
   </div>
   <div class='ocr_carea' id='block_1_10' title="bbox 0 0 1624 5166">
    <p class='ocr_par' dir='ltr' id='par_1_16' title="bbox 0 0 1624 5166">
     <span class='ocr_line' id='line_1_42' title="bbox 0 0 1624 5166; baseline 0 0"><span class='ocrx_word' id='word_1_267' title='bbox 0 0 1624 5166; x_wconf 95' lang='lat' dir='ltr'> </span> 
     </span>
    </p>
   </div>
  </div>
 </body>
</html>
