3222 5166
785 424 999 489 „13-

327 611 462 694 ὥσπερ
485 613 552 678 καὶ
575 611 625 678 τὰ
648 611 835 695 πρόσθεν
857 611 937 678 ὑπὸ
961 617 1042 679 τῶν
1061 610 1363 695 Πυθαγορικῶν
1387 633 1460 676 πα-

328 715 562 800 ραδοθέντα
611 716 680 781 ἐπὶ
728 715 773 781 τὸ
822 718 1136 799 γνωριμώτερον
1180 716 1461 800 ἐξενεγκόντες

327 816 692 902 παραδεδώκαμεν,
724 817 843 884 οὐδὲν
877 819 995 885 αὐτοί
1017 820 1175 886 τούτων
1198 819 1462 903 ἐξευρηκέναι

328 924 572 1007 φάσκοντες.
608 920 960 1005 παραδεικνύντες
988 921 1031 988 δέ
1055 945 1147 988 τινα
1174 928 1255 990 τῶν
1277 922 1357 989 ὑπὸ
1380 927 1462 988 τῶν

328 1025 406 1108 πρὸ
430 1027 544 1110 ἡμῶν
567 1024 897 1108 παραδοθέντων
1003 1027 1240 1111 συναγωγὴν
1267 1025 1460 1110 ἐποιησά-

328 1128 448 1214 μεθα.
494 1131 585 1214 Ergo
608 1129 707 1196 etiam
733 1149 783 1211 ea,
808 1149 895 1212 quac
917 1131 1134 1212 praecedunt,
1165 1150 1231 1196 non
1253 1131 1359 1211 ipsius
1383 1133 1463 1196 sunt

329 1234 486 1314 Theonis,
519 1233 578 1299 sed
613 1233 836 1314 transscripta
870 1253 911 1299 ex
938 1252 1039 1316 opere
1063 1234 1204 1299 hominis
1228 1232 1401 1299 cuiusdam
1426 1251 1462 1297 se

329 1337 628 1422 Pythagoricorum
653 1337 693 1403 de
716 1337 768 1402 his
790 1338 891 1404 rebus
915 1337 1101 1403 sententias
1121 1336 1247 1403 referre
1264 1335 1462 1414 simulantia,

306 1441 364 1507 -id
398 1440 485 1523 quod
519 1440 712 1521 disputandi
745 1441 877 1506 ratione
914 1441 1066 1522 inspecta
1099 1441 1322 1507 confirmatur.
1379 1438 1461 1506 Cum

330 1544 415 1610 cuim
438 1543 472 1608 in
496 1529 618 1610 ceteris
642 1544 734 1610 nuda
756 1545 1015 1611 mathematicae
1037 1548 1219 1626 praecepta
1238 1543 1463 1624 proferantur,

330 1649 384 1713 hic
407 1646 584 1713 manifesto
600 1648 902 1730 Pythagoricorum
925 1649 1112 1715 sententiae
1135 1648 1336 1714 referuntur.
1375 1645 1462 1712 Con·

330 1753 421 1818 ieras
443 1751 542 1817 yelim
566 1756 671 1832 20,19
692 1749 878 1834 Ἀρχύτας
901 1752 969 1816 καί
987 1749 1189 1832 Φιλόλαος
1212 1803 1268 1817 ...
1294 1756 1345 1831 20,
1358 1755 1400 1816 20
1426 1750 1464 1814 σί

332 1854 373 1921 δέ
388 1853 576 1920 πλεῖστοι
591 1852 868 1936 προστιθέασι
885 1908 891 1920 .
909 1907 941 1920 ..
965 1861 1018 1936 20,
1030 1861 1071 1920 23
1086 1853 1249 1938 λέγουσι
1271 1859 1323 1934 21,
1336 1859 1377 1919 20
1392 1857 1464 1918 τῶν

332 1956 369 2024 δέ
402 1956 565 2041 ἀριθμῶν
599 1962 819 2023 ποιοῦνται
852 1959 915 2042 τὴν
949 1959 1094 2042 πρώτην
1131 1957 1243 2042 τομὴν
1358 1962 1409 2036 21,
1422 1961 1464 2022 22

333 2112 389 2126 ...
414 2061 514 2144 φασί
536 2113 542 2124 .
561 2111 592 2126 ..
617 2066 724 2140 21,24
746 2063 892 2144 πρῶτην
915 2059 952 2126 δέ
974 2065 1046 2127 τῶν
1073 2065 1245 2143 περισσῶν
1261 2059 1346 2124 ἐνιοι
1369 2058 1465 2143 ἐφα-

333 2163 493 2247 σαυτὴν
515 2161 653 2245 μονάδα
677 2215 734 2229 ...
758 2170 842 2246 22,5
870 2162 1101 2248 Ἀριστοτέλης
1124 2162 1161 2229 δὲ
1186 2163 1222 2228 ἐν
1248 2169 1299 2248 τῶ
1321 2160 1464 2227 Πυθα-

332 2271 482 2350 γορικῶ
511 2264 550 2330 τδ
579 2265 615 2330 ἐν
645 2287 730 2350 φησι
836 2274 919 2349 22,9
948 2268 1158 2351 συμφέρεται
1186 2263 1222 2331 δέ
1245 2266 1383 2347 τούτοις
1406 2266 1464 2330 καί
1592 2304 1593 2312 ι

337 2368 524 2452 Ἀρχύτας
648 2375 753 2450 22,12
776 2368 1148 2454 προσαρμόζουσιν.
1185 2375 1289 2449 aaa!
1317 2366 1464 2434 καλού-

334 2490 397 2548 σιν
421 2524 427 2537 .
447 2524 477 2538 ..
502 2477 586 2552 25,3
609 2471 805 2539 καλοῦσιν
829 2524 887 2540 ...
912 2480 1016 2553 46,13
1040 2472 1199 2556 ἔφασαν
1221 2470 1465 2556 οίΠυθαγορι-

334 2577 398 2642 κοί.
437 2575 602 2643 Constare
624 2577 727 2660 igitur
751 2576 884 2642 videtur
906 2578 1076 2642 Thoonem
1099 2594 1195 2641 usum
1219 2593 1294 2642 esse
1318 2581 1465 2655 auctore,

334 2679 391 2761 qui
413 2678 700 2762 Pythagoreorum
736 2679 922 2746 doctrinam
956 2679 1134 2744 referebat.
1181 2680 1294 2759 Atque
1329 2679 1466 2745 circum-

334 2783 526 2865 spiciamus
565 2801 661 2864 quem
697 2802 758 2863 pro
796 2783 920 2848 aetatis
954 2783 1082 2848 ratione
1116 2783 1263 2864 potuerit
1297 2783 1464 2849 adhibere.

334 2885 569 2965 Nicomachus
604 2885 644 2950 de
679 2905 743 2966 quo
779 2886 927 2969 cogitare
950 2891 1056 2966 potes,
1080 2885 1232 2967 aequalis
1256 2885 1326 2952 fere
1350 2886 1412 2952 fuit
1433 2892 1467 2951 et

334 2993 522 3071 praeterea,
566 2987 651 3068 quod
695 2988 851 3066 sciamus,
894 2988 934 3053 de
976 2989 1266 3073 Pythagoreorum
1308 2989 1466 3056 doctrinis

335 3092 504 3174 proprium
540 3091 660 3156 librum
695 3110 759 3156 nou
795 3092 937 3172 scripsit.
983 3092 1104 3174 Itaque
1137 3093 1267 3177 longius
1302 3092 1391 3174 quod
1425 3091 1465 3158 ad

335 3202 467 3275 tempus
502 3192 733 3276 regrediamur
766 3212 904 3260 necesse
939 3198 999 3260 est.
1057 3195 1163 3276 Atqui
1202 3195 1344 3278 legimus
1379 3195 1467 3277 apud

336 3297 557 3380 Porphyrium
593 3295 724 3378 haco¹):
758 3298 780 3381 ἡ
809 3295 846 3362 δέ
869 3298 948 3380 περί
969 3301 1041 3363 τῶν
1065 3296 1228 3382 ἀριθμῶν
1251 3300 1468 3382 πραγματεία

337 3402 420 3484 (scil.
443 3403 516 3466 τῶν
530 3396 795 3484 Πυθαγορείων)
819 3402 867 3482 ῶς
890 3399 989 3466 ἄλλοι
1011 3422 1048 3466 τε
1072 3402 1178 3485 φασίν
1194 3402 1252 3466 καί
1267 3399 1468 3484 Μοδέρατος

338 3506 355 3572 ὁ
379 3506 417 3570 ἐκ
439 3502 615 3587 Γαδείρων
643 3503 738 3570 πάνυ
766 3509 916 3587 συνετῶς
943 3505 980 3570 ἐν
1007 3502 1124 3588 occup
1151 3503 1295 3588 βιβλίοις
1323 3527 1467 3590 συναγα-

337 3609 407 3692 γῶν
430 3607 470 3674 τὸ
491 3607 638 3691 ἀρέσκον
654 3614 728 3690 τοῖς
744 3606 888 3691 ἀνδράσι
898 3610 933 3693 ³),
951 3606 1007 3674 διὰ
1022 3612 1127 3674 τοῦτο
1144 3606 1372 3693 ἐσπουδάσθη
1395 3608 1468 3674 κτλ.

337 3713 534 3780 Moderatus
571 3712 675 3797 igitur
711 3714 998 3796 Pythagoreorum
1037 3711 1078 3776 de
1117 3713 1262 3779 numeris
1301 3712 1469 3779 doctrinas

339 3822 583 3899 composuerat,
619 3821 720 3897 atque
751 3817 845 3882 illum
880 3835 976 3882 usum
1012 3835 1084 3881 esse
1120 3816 1300 3881 enarrandi
1338 3817 1469 3884 ratione

340 3922 486 4003 quadam
508 3921 676 3986 simillima
700 3920 739 3999 ei,
774 3939 874 4000 quam
897 3939 1084 4001 usurpasse
1109 3919 1252 3986 vidimus
1275 3919 1308 3984 iu
1331 3938 1373 3985 ea
1395 3920 1471 3985 libri

427 4177 446 4245 ¹)
465 4177 524 4231 Vit.
543 4175 629 4242 Pyth.
648 4175 690 4228 48.

424 4263 444 4330 ²)
462 4263 507 4315 Ita
525 4262 647 4327 scripsit
665 4260 812 4315 Biicheler
829 4278 884 4330 pro
903 4261 934 4315 ὲν
952 4260 1056 4326 ἕνδεκα,
1077 4265 1154 4316 Mus
1174 4261 1266 4316 Rhen.
1285 4263 1326 4326 37,
1345 4278 1394 4329 pg.
1412 4262 1471 4316 335.

425 4350 446 4408 θλ
465 4347 565 4415 Steph.
585 4347 654 4415 Byz.
672 4346 729 4400 sub
750 4347 877 4417 Γάδειρα;
894 4349 983 4417 βιβλία
1000 4349 1054 4400 τῶν
1072 4349 1271 4418 Πυθαγορικῶν
1289 4348 1402 4416 σχολῶν.
