3222 5166
617 493 830 554 ..15-

241 673 330 743 Sane
365 681 442 743 sunt
475 675 699 759 coniecturae,
730 676 775 744 'ac
809 677 888 743 mihi
916 677 1048 761 quidem
1070 700 1209 762 prorsus
1233 683 1289 748 ob·

156 799 290 846 scurum
324 779 385 862 est,
420 781 583 862 quomodo
617 782 689 846 fieri
722 782 841 863 possit,
876 785 913 848 ut
947 783 999 848 vir
1032 783 1149 851 doctus
1181 786 1216 851 in
1238 786 1289 852 his

155 884 255 950 rebus
291 885 433 950 maxime
470 889 626 951 versatus
660 885 794 950 illarum
829 886 972 951 alteram
997 888 1157 967 proferat.
1202 891 1289 956 Nam

156 987 212 1067 qui
236 989 290 1053 vel
314 987 454 1062 strictim
478 1006 529 1069 ea,
557 1007 643 1069 quac
666 986 825 1071 leguntur
849 988 936 1070 apud
954 990 1123 1056 Theouem
1147 993 1289 1058 etAna·

155 1091 282 1172 tolium‚
317 1091 495 1158 contulerit
529 1111 604 1157 cum
637 1091 687 1170 iis,
723 1110 810 1172 quac
847 1093 957 1158 Photii
996 1100 1164 1177 excerpta,
1202 1115 1288 1177 quac

156 1195 426 1279 Theologumena
449 1195 661 1260 arithmetica
684 1195 913 1262 eNicomachi
936 1216 1036 1278 opero
1053 1202 1289 1279 servaverunt

156 1298 185 1362 ei
209 1298 242 1362 iu
267 1298 380 1379 aprico
405 1298 468 1364 erit
489 1299 589 1379 plane
615 1298 683 1363 alia
707 1317 747 1364 ac
770 1299 905 1366 diversa
928 1300 996 1387 illa,
1021 1302 1089 1367 alia
1104 1302 1189 1368 haec
1205 1321 1288 1368 esse.

154 1399 222 1466 Ubi
244 1400 411 1467 invenerit
433 1400 489 1466 ille
511 1401 546 1465 in
563 1401 708 1466 Theonis
731 1401 816 1467 libro
841 1403 910 1484 „les
933 1421 1029 1471 noms
1053 1404 1116 1471 des.
1132 1405 1289 1472 divinitds

155 1504 374 1585 classiques“,
399 1524 539 1585 quorum
564 1504 674 1588 gratia
696 1504 787 1569 illum
812 1505 978 1572 homiuem
996 1508 1189 1598 Nicomachi
1206 1529 1289 1591 opus

156 1607 354 1689 compilasse
379 1607 469 1687 dicit,
497 1627 561 1672 non
587 1608 692 1673 video.
738 1609 926 1692 Pergamus
953 1610 1055 1698 igitur
1081 1612 1124 1678 ad
1148 1612 1289 1700 alteram
1336 1645 1340 1649 ·

156 1712 398 1777 coniecturam:
433 1712 588 1777 Theodec
623 1711 707 1799 libro
741 1712 784 1777 ab
817 1713 948 1779 homine
977 1714 1163 1802 Byzantino
1197 1716 1289 1782 illam

156 1814 201 1906 de
231 1814 377 1904 numeris
412 1813 674 1895 disputationem
708 1833 782 1881 csse
816 1815 982 1904 infertam.
1037 1817 1132 1900 Quod
1166 1819 1289 1886 falsum

156 1937 241 2000 esse,
264 1919 327 1985 nisi
350 1918 532 2000 probamus
557 1923 590 1983 et
612 1917 686 1989 libri
709 1923 848 2000 partem,
884 1939 969 2002 quac
993 1927 1044 1986 est
1068 1921 1108 1986 de
1131 1923 1290 2004 numeris

156 2041 229 2088 cum
253 2023 373 2088 ceteris
398 2027 471 2088 arte
495 2022 687 2102 cohaerere,
712 2028 745 2087 et
760 2023 928 2088 Thoonem
951 2023 990 2088 dc
1015 2025 1162 2092 nunreris
1185 2027 1290 2114 verba

156 2126 268 2191 facere
285 2126 432 2193 voluisse
450 2144 490 2190 ac
506 2124 674 2206 debuisse,
691 2125 913 2193 demonstrari
930 2147 994 2194 non
1014 2134 1135 2209 potest.
1170 2131 1290 2212 Itaque

157 2230 263 2295 locum
282 2230 473 2295 accuratius
489 2229 714 2310 inspiciamus.
740 2229 806 2311 Qui
822 2231 901 2311 quin
918 2231 963 2297 sit
979 2233 1134 2298 continuo
1151 2233 1290 2300 Adrasti

155 2332 302 2398 sermoni
335 2332 478 2399 intortus
513 2333 599 2398 sicut
633 2336 666 2402 et
700 2332 769 2414 illa,
792 2353 879 2416 quae
903 2335 1051 2415 proxime
1073 2337 1290 2418 praecedunt,
1331 2347 1334 2354 '

158 2436 281 2501 nemini
314 2441 427 2517 potest
461 2454 535 2502 esse
567 2434 713 2512 dubium.
760 2435 986 2504 Credamusne
1010 2458 1090 2523 ergo
1112 2441 1290 2524 Tanueryo

130 2575 132 2579 >
158 2538 337 2604 affirmanti
361 2559 383 2605 a
404 2540 593 2622 Byzantino
618 2539 761 2620 quodam
785 2560 860 2608 cum
884 2560 957 2608 esse
981 2542 1205 2610 inculcatum?
1245 2545 1291 2612 Ut

156 2643 205 2708 ita
226 2642 361 2723 iudicet,
385 2642 463 2725 quid
488 2663 524 2708 se
548 2644 773 2724 commoverit,
797 2663 871 2711 cum
895 2664 960 2710 non
984 2645 1075 2712 dicat
1096 2647 1163 2727 ille,
1190 2647 1291 2735 etiam

158 2745 245 2826 quod
268 2766 331 2828 me,
354 2752 392 2813 ut
412 2747 506 2812 illum
529 2764 663 2828 sequar,
687 2753 797 2830 cogat,
822 2749 903 2813 nihil
926 2754 992 2829 est3
1027 2750 1148 2830 quibus
1178 2754 1291 2816 autem

159 2849 231 2916 eius
248 2850 443 2917 coniectura
458 2849 598 2916 refutari
616 2849 780 2931 videatur,
805 2852 967 2917 nonnulla
982 2835 1110 2918 suntin
1125 2857 1258 2934 prompt
1282 2905 1290 2922 .

157 2953 218 3036 Pg.
235 2959 286 3033 93,
301 2959 339 3020 17
364 2954 521 3044 leguntur
547 2950 668 3038 ἐπειδὴ,
689 2954 819 3036 πάντες
835 2955 868 3020 οἱ
883 2959 955 3021 τῶν
971 2959 1184 3040 συμφωνιῶν
1200 2956 1291 3049 εὑρέ-Ι

157 3054 274 3140 θησαν
296 3055 401 3140 λόγοι,
425 3055 535 3122 καθὰ
559 3055 779 3138 δέδεικται,
797 3063 869 3140 etc,
891 3059 1010 3141 quibus
1025 3060 1137 3127 verbis
1152 3060 1290 3142 respici·

157 3164 212 3225 tur
236 3160 276 3225 ad
300 3180 354 3244 pg.
378 3165 430 3240 58,
445 3167 494 3225 13.
539 3160 664 3250 Eodem
690 3168 844 3242 spectant
875 3181 929 3246 pg.
959 3168 1027 3244 101,
1043 3169 1177 3229 12—13.
1225 3163 1290 3230 Sed

157 3264 252 3343 haec,
275 3283 351 3328 cum
375 3265 474 3348 ctiam
491 3265 702 3350 Byzantinus
726 3265 781 3329 ille
798 3266 1041 3348 Tanueryanus
1065 3266 1116 3332 his
1132 3265 1308 3334 lectorem

159 3365 200 3430 ad
235 3367 350 3447 priora
383 3386 544 3434 revocare
578 3368 695 3449 possit,
730 3369 867 3434 minoris
890 3369 992 3446 iacio;
1026 3371 1131 3435 multo
1155 3370 1308 3459 maioris·

158 3474 269 3561 autom
305 3471 390 3536 duco
423 3490 477 3555 pg.
500 3477 621 3551 46,12;
656 3469 695 3536 τὸ
731 3469 816 3536 αὐτὸ
851 3470 934 3552 (scil.
958 3471 1111 3557 τὰμέρη
1136 3472 1290 3557 ἀριθμοῦ

158 3569 328 3638 ἐλάττονα
361 3579 473 3639 ποιεῖν
506 3571 568 3639 τὸν
600 3572 756 3656 ἀριθμὸν
782 3578 844 3640 τοῦ
868 3573 904 3657 ἐξ
926 3574 1032 3659 ἀρχῆς
1056 3575 1291 3659 προτεθέντος

159 3674 327 3760 ἀριθμοῦ)
351 3675 388 3742 dd
411 3678 470 3742 καὶ
491 3683 541 3761 νῷ
566 3675 591 3740 ι’
615 3675 839 3761 συμβέβηκεν,
874 3676 915 3742 ὃν
941 3676 1024 3743 καθ’
1048 3678 1166 3763 ἕτερον
1188 3677 1291 3762 λόγον

158 3777 289 3845 ιε’λειον
326 3779 460 3864 ἔφασαν
498 3781 531 3845 ol
566 3778 816 3864 Hodayopcnol,
862 3783 954 3863 περὶ
991 3780 1037 3847 οὗ
1074 3782 1177 3847 κατὰ
1218 3783 1291 3867 τὴν

159 3883 315 3949 οἰκείαν
349 3885 486 3967 χώραν
525 3880 806 3968 ἀποδώσομεν.
862 3884 1017 3950 Dilucide
1052 3886 1140 3952 enim
1174 3892 1292 3979 auctor

159 3985 238 4051 dicit
272 4006 308 4052 se
342 3993 460 4068 postea
492 4007 554 4055 suo
588 3988 661 4080 loco
696 3988 736 4052 de
768 3987 904 4054 denario
927 4007 1066 4081 numero
1089 3989 1194 4056 verba
1217 4008 1291 4056 esse

159 4089 337 4171 facturum,
372 4093 458 4172 quod
493 4090 691 4174 promissum
719 4096 873 4171 praestat
895 4091 928 4156 in
952 4110 993 4157 ea
1016 4098 1123 4173 parte,
1147 4110 1246 4172 quam
1271 4112 1291 4158 a

159 4193 347 4276 Byzantino
382 4194 524 4275 quodam
560 4193 709 4259 additam
744 4213 820 4260 esse
854 4196 1053 4290 Tanuerpus
1090 4195 1184 4262 nobis
1217 4195 1291 4261 vult

159 4299 372 4377 persuadere.
411 4299 450 4364 Iu
473 4298 556 4363 libro
581 4302 691 4363 autem
718 4298 778 4377 „ad
796 4299 972 4364 Platonem
997 4285 1172 4382 legendum
1196 4298 1288 4364 utili“

160 4401 233 4464 iure
257 4401 364 4467 locum
388 4403 512 4468 habere
536 4401 698 4467 eiusmodi
722 4402 867 4483 aliquam
884 4402 925 4467 de
941 4402 1088 4468 numeris
1105 4401 1291 4467 dissertati-
