3222 5166
815 479 1029 538 ...22-

359 664 469 729 verbis
491 663 611 747 μουάς,
635 661 753 746 ἐπειδὴ
777 660 864 746 αὕτη
881 661 968 747 ἀρχὴ
984 663 1130 730 πάντων
1147 713 1154 728 .
1173 713 1179 728 .
1198 711 1204 728 .
1222 662 1270 744 ὡς
1285 665 1487 747 προείρηται

358 764 423 850 (pg.
449 767 586 848 194,15)
610 785 810 837 revocamur
833 766 876 831 ad
897 766 1043 847 priorem
1073 770 1215 847 partem,
1249 766 1283 831 in
1317 785 1383 849 qua
1416 768 1486 832 sols

357 869 420 934 hoe
442 868 482 936 de
505 869 646 936 monade
669 869 791 935 dieitur
802 869 834 951 ¹).
881 868 1011 935 Deinde
1045 888 1111 934 non
1145 869 1245 950 pauci
1272 869 1487 935 inveniuntur

356 973 420 1038 loci
443 972 610 1053 simillimi,
634 991 717 1055 quos
739 972 987 1054 perspicuitatis
1011 990 1116 1039 eausa
1139 973 1201 1038 sub
1224 992 1290 1038 uno
1307 979 1485 1055 conspectu

356 1075 417 1141 tibi
437 1077 544 1158 posui.

389 1278 438 1330 pg.
458 1263 498 1328 12,
508 1263 549 1317 21.
586 1260 646 1320 ὥστ’
675 1265 715 1327 εἴη
752 1262 787 1315 δν
823 1258 895 1333 άρχή
981 1279 1031 1331 pg.
1048 1263 1141 1327 94,15.
1178 1261 1300 1332 ἧμονάε,
1319 1261 1486 1328 ὲπειδδαῦτχ

355 1349 408 1400 τοῖν
425 1345 479 1417 μὲν
496 1344 625 1419 άριθμῶν
643 1349 657 1414 ἦ
675 1349 787 1419 μονάοῖ)
806 1390 812 1404 .
827 1393 831 1402 .
846 1390 852 1403 .
948 1341 1020 1416 άρχή
1033 1347 1141 1400 πάντων
1156 1344 1255 1419 ἀρείων
1266 1350 1313 1404 καὶ
1323 1351 1453 1420 περιττῶν
1463 1392 1485 1404 ..

389 1502 439 1554 pg.
457 1487 499 1552 23,
508 1489 533 1542 9.
569 1489 669 1556 πρῶτοι
680 1484 732 1556 μὲν
745 1487 836 1543 sinitris
849 1487 894 1540 καὶ
981 1502 1029 1554 pg.
1048 1487 1141 1550 95‚17.
1178 1486 1205 1538 οἱ
1222 1485 1252 1539 δὲ
1270 1486 1387 1556 δεύτεροι
1408 1488 1486 1540 πλευ-

356 1567 498 1625 άοάνθετοι
515 1573 541 1623 οἱ
558 1571 611 1626 δπδ
623 1573 736 1641 μηδενδι
748 1571 802 1644 μὲν
815 1570 896 1644 άριθ-
948 1571 1001 1640 ράν
1018 1569 1146 1624 δύνανται
1164 1570 1178 1624 δ
1195 1589 1223 1625 τε
1233 1572 1260 1641 β’
1272 1572 1319 1625 καὶ
1332 1573 1346 1624 δ
1358 1574 1394 1642 γ’,
1416 1573 1487 1629 ὄντες

354 1660 417 1729 μοῦ,
436 1656 488 1710 δπδ
505 1658 588 1728 μόνης
609 1658 639 1714 δὲ
655 1661 773 1731 μονάδος
784 1659 896 1733 μετρού-
947 1652 1088 1709 άσάνθετοι
1114 1657 1160 1710 καὶ
1186 1661 1286 1728 πρῶτοι
1314 1658 1360 1711 καὶ
1388 1660 1488 1730 μονάδι

354 1759 439 1813 μενοι,
460 1742 494 1797 ὥς
512 1743 526 1795 ὁ
543 1744 572 1813 χ’
667 1743 787 1816 λέγονται
814 1745 844 1799 δὲ
871 1747 897 1798 οἱ
946 1741 1120 1812 μετρούμενοι
1136 1745 1182 1797 καὶ
1194 1745 1275 1815 φύσει
1286 1741 1486 1817 εδθυμετρικοί·

356 1824 429 1881 αὐτοὶ
458 1822 528 1882 οὗτοι
556 1830 706 1902 χραμμικοὶ
735 1832 781 1885 καὶ
813 1829 895 1886 εὐθυ-

353 1915 473 1985 μετρικοί

389 2069 438 2121 pg.
456 2054 498 2119 24,
508 2055 532 2108 3.
568 2053 614 2106 καὶ
644 2056 670 2107 οἱ
695 2055 782 2109 λοιποὶ
812 2054 895 2124 άρτιοι

354 2139 421 2190 κατά
447 2139 479 2191 τά
505 2134 572 2192 aizo?
595 2138 646 2194 δπό
667 2160 747 2194 ιινων
763 2139 896 2212 μειζόνων

353 2226 397 2298 τῆς
412 2224 530 2296 μονάδος
548 2221 677 2294 ἀριθμῶν
699 2228 895 2298 καταμετροῦν-

353 2329 402 2378 τοι,
429 2312 498 2376 πλήν
523 2314 567 2377 τῆς
593 2311 697 2369 δυάδος.
731 2311 809 2382 ταύτῃ
839 2311 894 2383 γάρ

353 2397 423 2469 μόνῃ
442 2396 672 2469 συμβέβηκεν...
689 2398 717 2450 ιδ
738 2397 791 2451 δπδ
809 2399 895 2468 μονά-

355 2486 399 2541 δοε
415 2491 573 2556 μετρεῖσθαι
589 2485 683 2551 μόνον.

387 2641 436 2693 pg.
455 2624 497 2690 33,
506 2625 531 2678 5.
567 2622 658 2693 πρώτη
684 2621 737 2692 μὲν
764 2622 893 2692 ἧμονάς·
980 2638 1029 2690 pg.
1047 2624 1089 2688 99,
1098 2623 1140 2676 24.
1177 2623 1192 2686 ἧ
1225 2622 1279 2694 μὲν
1312 2626 1368 2696 γάρ
1401 2628 1489 2696 μονάς

353 2708 417 2773 αὕτη
447 2709 510 2779 γάρ,
539 2707 565 2760 εἰ
593 2707 640 2764 καὶ
668 2709 706 2779 μή
736 2703 894 2782 ἐντελεχείᾳ,
947 2703 1019 2778 ἆρχε)
1047 2709 1156 2762 πάντων
1263 2710 1413 2781 ἀδιαίρετος
1441 2715 1488 2766 καὶ

353 2795 467 2864 δυνάμει
485 2795 571 2847 πάντα
588 2789 669 2860 ἐστίν,
695 2793 768 2865 άρχῆ
786 2795 895 2849 πάντων
947 2792 1061 2864 δυνάμει
1078 2794 1166 2848 πάντα

353 2881 484 2953 ἀριθμῶν
502 2873 604 2951 οδσα3).

386 3036 435 3088 pg.
454 3020 547 3084 45,10.
583 3018 629 3074 καὶ
646 3016 739 3071 τέλειοι
755 3015 809 3088 μέν
826 3019 895 3071 εἰσιν
979 3017 1140 3086 pg.102,4.
1176 3018 1240 3075 δδὲ
1252 3020 1278 3080 ς’
1292 3018 1395 3088 τέλειοι,
1413 3019 1488 3075 ἒπει-

352 3109 377 3159 οἱ
404 3113 456 3162 τοῖς
483 3103 571 3158 αὑτοῖν
597 3102 709 3175 μέρεσιν
735 3106 795 3169 ἴσοι,
823 3103 858 3160 οἷς
879 3105 893 3158 δ
946 3101 977 3167 δὴ
1003 3110 1056 3160 τοῖς
1082 3103 1178 3162 ἑαυτοῦ
1202 3103 1316 3177 μέρεσίν
1333 3100 1404 3160 ε’στιν
1422 3109 1486 3168 ἴσος,

351 3194 405 3244 τῶν
423 3193 466 3250 ς’.
480 3233 506 3246 ..
525 3188 553 3246 ὃς
566 3188 624 3244 ἐστι
642 3193 745 3260 πρῶτος
761 3187 892 3260 rihtest).
946 3188 985 3245 eie
1006 3188 1176 3246 δέδεικται.

385 3347 435 3399 pg.
452 3331 545 3397 46,12.
581 3329 610 3382 εδ
628 3328 691 3382 (tritri
713 3328 807 3385 δὲκαὶ
825 3331 892 3403 τῷι’
977 3345 1027 3397 pg.
1047 3330 1104 3394 106,
1114 3331 1138 3382 7.
1173 3327 1297 3399 ἧμέντοι
1308 3329 1386 3387 δεκάς
1398 3331 1486 3384 πάντα

351 3414 524 3486 συμβέβηκεν,
553 3413 584 3468 δν
610 3417 673 3468 καθ’
697 3413 787 3487 ἕτερον
814 3416 893 3486 λόγον
945 3414 1068 3483 περαίνει
1079 3415 1125 3467 τόν
1138 3414 1266 3485 ιἰριθμόν,
1285 3414 1485 3488 ἐμπεριέχουσα

329 3503 332 3509 ’
350 3501 449 3556 τέλειον
468 3502 577 3572 ἔφασαν
600 3502 626 3554 οἱ
643 3503 827 3572 Πυθαγορικοὶ
945 3502 1036 3552 πᾶσαν
1053 3498 1138 3568 φάσιν
1154 3495 1228 3556 ε’ντδς
1246 3499 1331 3567 αὐτῆς,
1350 3499 1440 3574 α’ριίου
1457 3521 1485 3556 τε

944 3583 990 3638 καὶ
1008 3585 1132 3653 περιττοῦ
1137 3585 1157 3650 5)
1176 3624 1221 3638 ...

439 3799 458 3866 1)
476 3799 548 3865 ng.
569 3797 608 3860 19,
618 3795 660 3848 21.
678 3793 719 3860 24,
729 3795 771 3848 23.
789 3795 831 3859 33,
841 3795 864 3848 5.
882 3794 926 3860 43,
938 3794 977 3846 10.
1013 3791 1126 3845 Eadem
1153 3793 1227 3845 ratio
1253 3793 1379 3847 interest
1404 3795 1484 3848 inter

349 3900 419 3953 pgg.
437 3883 524 3948 45,10
542 3886 570 3934 et
590 3881 681 3946 1024.

436 3969 457 4036 2)
476 3969 584 4022 Oonfer
602 3983 651 4034 pg.
670 3967 711 4032 24,
722 3967 763 4020 23.

436 4055 457 4124 ⁸)
476 4055 535 4108 Cfr.
554 4054 639 4106 Anat.
659 4051 720 4120 (pg.
739 4052 772 4106 29
791 4052 880 4120 Hbg.)
907 4049 951 4114 ἔτι,
970 4048 996 4102 εἰ
1021 4049 1058 4117 με)
1085 4048 1132 4101 καὶ
1152 4049 1187 4118 (εἰ
1204 4068 1228 4105 κ.
1246 4051 1305 4122 μδ)
1323 4049 1484 4126 ἐντελεχείᾳ,

351 4137 417 4195 rime
436 4139 558 4209 δυνάμει,
578 4136 689 4207 περισσή
775 4137 807 4190 τά
826 4136 893 4189 ἄλλα
911 4134 1007 4189 πάντα.

435 4228 456 4295 4)
475 4227 533 4281 Ofr.
552 4227 639 4280 Anat.
658 4224 718 4291 (pg.
729 4225 763 4277 34
780 4224 868 4292 Hbg.)
887 4220 948 4283 ἑξδε
967 4224 1069 4294 πρῶτος
1086 4220 1180 4279 τέλειος
1198 4221 1323 4296 ἀριθμός.

435 4314 456 4383 ὁ)
475 4314 533 4366 Cir.
553 4313 637 4364 Anat.
657 4312 714 4378 (pg.
726 4312 758 4364 39
778 4311 867 4379 Hbg.)
886 4310 1004 4362 καλεῖται
1023 4309 1053 4364 δὲ
1071 4309 1085 4374 ἦ
1105 4309 1184 4367 δεκάς
1195 4311 1289 4382 κράτος
1301 4311 1346 4366 καὶ
1365 4310 1484 4366 παντέ-

350 4403 429 4464 λειιι,
449 4393 508 4452 ἐπεῖ
528 4397 614 4450 πάνιιι
633 4396 753 4463 περαίνει
772 4397 817 4448 rtis
836 4391 956 4465 άριθμδι·
974 4394 1137 4466 περιέχουσα
1156 4438 1197 4455 ...
1215 4418 1239 4452 κ,
1257 4417 1278 4456 τ.
1297 4399 1319 4454 λ.
