3222 5166
785 483 1000 543 ..66-

328 667 481 748 quamvis
516 667 585 732 veri
622 667 774 732 similiter
804 673 916 732 tamen
940 669 1140 734 coniecimus
1163 668 1391 734 tantummodo
1416 669 1459 734 ad

328 770 541 835 Posidonium
576 788 650 835 esse
685 770 893 836 referendam
916 771 1005 836 illam
1031 771 1070 837 de
1095 773 1241 837 numeris
1265 772 1461 853 doctrinam,

328 873 438 938 reddit
459 893 575 939 verum
601 874 691 938 Theo
715 893 789 938 eum
812 874 927 939 scribit
950 874 1187 958 (pg.103,16):
1222 875 1393 958 ἐσόμενος
1424 873 1462 940 δὲ

328 982 370 1062 σῇ
399 976 499 1060 φύσει
527 978 584 1042 καὶ
613 976 631 1041 ὁ
654 975 805 1042 Πλάτων
833 977 868 1058 ἐξ
894 976 983 1043 ἑπτὰ
1011 977 1173 1061 ἀριθμῶν
1198 980 1374 1062 συνίστησι
1397 979 1462 1062 τὴν

328 1081 445 1163 ψυχὴν
478 1081 515 1144 ἐν
548 1086 598 1164 σῷ
626 1079 767 1163 Τιμαίῳ.
803 1082 913 1164 ἡμέρα
939 1081 1003 1163 μὲν
1026 1075 1088 1163 γὰρ
1112 1083 1170 1147 καὶ
1192 1081 1263 1164 νύξ,
1287 1081 1339 1164 ὥς
1363 1101 1463 1166 φησι

327 1181 618 1264 Ποσειδώνιος,
644 1183 764 1265 ἀρτίου
788 1185 846 1248 καὶ
869 1186 1032 1266 περισσοῦ
1057 1185 1161 1268 φύσιν
1185 1184 1307 1268 ἔχουσι.

415 1289 485 1352 lam
512 1308 591 1353 vero
615 1306 749 1368 possum
774 1288 925 1353 omuibus
941 1277 1152 1370 auctoribus,
1184 1289 1223 1355 de
1248 1288 1368 1371 quibus
1392 1288 1461 1372 egi-

330 1410 413 1471 mus,
446 1392 534 1456 inter
568 1410 603 1456 se
638 1391 840 1471 eornparatis
871 1391 1065 1472 disquirere,
1090 1412 1175 1474 quae
1199 1393 1371 1459 Posidonii
1394 1393 1463 1457 sint

329 1495 474 1575 propria,
509 1514 594 1576 quae
628 1495 691 1575 ipsi
716 1494 905 1560 addiderint
927 1495 1060 1579 singuli,
1092 1495 1149 1561 sed
1175 1515 1239 1561 non
1264 1503 1316 1562 est
1338 1516 1462 1577 operae

328 1597 481 1676 pretium.
532 1599 605 1663 Hoo
643 1597 715 1664 dico
754 1599 925 1664 Philonem
966 1606 1000 1664 et
1037 1599 1233 1665 Anatolium
1270 1598 1463 1665 fidelissime

330 1700 435 1766 videri
461 1720 616 1767 servasse
632 1701 861 1768 Posidoniana
884 1703 998 1783 verba,
1026 1702 1073 1767 ita
1096 1707 1132 1768 ut
1146 1702 1308 1792 Iudaeum
1332 1703 1367 1767 in
1390 1703 1463 1768 unie

330 1823 464 1870 versum
489 1811 561 1870 arte
584 1806 748 1885 pressisse
772 1806 972 1887 exemplaris
996 1805 1150 1888 vestigia,
1175 1806 1368 1871 Anatolium
1396 1826 1463 1872 non

331 1909 439 1973 minus
457 1919 624 1989 accurate,
648 1909 706 1973 sed
723 1908 929 1987 brevissime,
954 1927 1039 1990 quae
1054 1908 1259 1990 inveniebat,
1275 1908 1464 1975 reddidisse

331 2030 496 2078 censeam.
542 2014 614 2078 Nee
637 2016 749 2094 potest
772 2032 846 2079 esse
871 2013 998 2094 mirum,
1034 2013 1121 2094 quod
1149 2013 1249 2080 eliam
1272 2014 1327 2078 hic
1350 2017 1464 2079 aetate

331 2122 425 2181 tanto
448 2116 587 2182 inferior
610 2116 681 2196 ipso
704 2134 785 2182 usus
809 2120 862 2182 est
877 2115 1067 2195 Posidonio,
1092 2136 1165 2181 cum
1187 2116 1465 2182 Alexandriae

331 2219 432 2284 fuerit
466 2220 636 2303 magister,
670 2219 726 2284 ubi
760 2218 851 2284 facili
885 2224 958 2284 erat
992 2220 1023 2285 ci
1056 2219 1134 2286 usui
1161 2219 1317 2284 librorum
1341 2219 1467 2303 magna

331 2324 437 2405 copia.

416 2427 537 2510 Longa
560 2430 634 2492 erat
657 2431 755 2508 atque
780 2426 974 2492 difficillima
991 2427 1055 2506 via,
1080 2445 1180 2507 quam
1196 2425 1466 2510 peragravimus

332 2535 369 2595 ut
403 2529 657 2596 succederemus
690 2531 724 2594 in
760 2530 910 2596 arduum.
956 2531 1065 2595 Multa
1099 2534 1195 2595 erant
1228 2529 1378 2596 tollenda
1404 2529 1466 2594 im·

332 2632 533 2714 pedimenta,
569 2634 673 2699 multa
706 2634 883 2718 purganda
911 2634 1047 2714 rudera;
1083 2633 1141 2699 sed
1165 2654 1231 2700 non
1253 2634 1380 2700 inutilis
1403 2633 1468 2698 fuit

332 2737 437 2802 labor.
483 2738 570 2803 Late
604 2737 882 2804 circumferuntur
913 2738 998 2803 oculi
1024 2741 1057 2802 et
1079 2738 1186 2803 multa
1209 2737 1324 2802 vident
1347 2757 1368 2802 a
1391 2755 1465 2801 ver·

333 2840 408 2920 tice,
443 2860 530 2922 quae
566 2845 667 2907 antea
701 2861 765 2907 non
800 2841 968 2907 videbant.
1014 2843 1112 2907 Nunc
1142 2841 1208 2906 iam
1232 2841 1466 2923 intellegimus

334 2944 420 3025 quod
456 2945 570 3010 videre
605 2965 671 3012 non
704 2946 810 3027 potuit
846 2946 1055 3025 HultschiuS,
1095 2945 1150 3026 qui
1184 2945 1308 3010 iactum
1343 2945 1396 3024 sit,
1431 2952 1468 3009 ut

334 3049 436 3129 Theo,
461 3047 663 3129 Chalcidius,
693 3050 865 3115 Favonius
898 3048 1014 3114 iisdem
1049 3048 1119 3114 lere
1155 3048 1266 3114 verbis
1300 3047 1469 3113 disserant

336 3151 375 3217 de
401 3150 577 3234 musioa¹);
613 3153 734 3218 etenim
770 3171 810 3217 ex
842 3153 956 3218 eodem
980 3153 1160 3218 Posidonio
1184 3157 1218 3217 et
1241 3151 1411 3222 Adrastus
1435 3155 1468 3215 et

336 3309 542 3317 ῃ..-

423 3373 444 3444 1)
463 3375 529 3427 Non
550 3378 594 3428 est
612 3376 732 3440 mirum,
760 3376 840 3442 quod
860 3375 1032 3428 Chalcidius
1059 3379 1087 3427 et
1105 3374 1265 3439 Favonius,
1286 3387 1469 3440 quamquam

333 3463 443 3513 -neuter
471 3477 487 3514 a
514 3465 621 3515 neutro
650 3462 768 3528 pendet,
786 3478 846 3514 non
865 3462 952 3514 modo
972 3461 1064 3514 rebus
1084 3461 1137 3514 sed
1157 3462 1246 3513 etiam
1264 3459 1390 3514 vocibus
1409 3463 1467 3512 tam

337 3549 475 3600 accurate
495 3553 673 3615 congruunt.
705 3549 782 3602 Sane
801 3553 834 3600 ut
852 3549 948 3600 solent
965 3552 1082 3600 veteres
1101 3548 1263 3612 scriptores
1284 3548 1311 3599 si
1330 3546 1403 3612 quid
1422 3545 1466 3598 in-

336 3633 475 3685 venerint
492 3632 566 3686 boni
584 3634 797 3701 undecumque
817 3650 851 3686 ae
870 3635 1050 3700 plerumque
1067 3633 1257 3686 immutatum
1274 3632 1307 3684 id
1325 3631 1467 3699 arripere,

337 3719 486 3772 Adrastus
500 3719 576 3771 hanc
593 3720 628 3771 de
647 3721 762 3771 musica
780 3719 1007 3785 expositionem,
1030 3723 1064 3771 ut
1082 3723 1234 3785 tamquam
1252 3733 1324 3771 suae
1344 3717 1467 3771 orationi

338 3804 461 3856 adderet
473 3805 584 3870 lumen,
598 3806 635 3857 ad
648 3806 775 3858 verbum
788 3806 1042 3871 transscripserat,
1053 3805 1199 3858 Varronis
1209 3807 1309 3862 autem
1318 3806 1467 3856 sescentos

338 3890 441 3956 libros,
459 3891 609 3957 imprimis
629 3907 686 3956 ece,
715 3892 767 3957 qui
791 3895 875 3943 erant
894 3893 930 3943 de
950 3892 1042 3944 rebus
1061 3891 1148 3943 adid
1167 3891 1309 3957 temporis
1328 3889 1467 3942 Romanis

338 3978 439 4031 minus
458 3979 545 4043 tritis,
564 3981 596 4032 in
615 3978 661 4030 his
675 3978 891 4041 mathematica,
910 3977 991 4029 haud
1003 3993 1127 4043 parvam
1141 3982 1256 4043 partem
1269 3977 1362 4029 fuisse
1375 3980 1467 4029 trans-

337 4065 410 4116 latos
430 4081 446 4117 e
466 4065 585 4118 Graecis
612 4064 838 4130 exemplaribus
863 4067 973 4116 uotum.
1010 4065 1149 4129 Denique
1167 4065 1318 4116 Favonius
1337 4067 1366 4115 et
1385 4063 1467 4116 Chal·

339 4151 446 4216 cidius,
467 4152 604 4218 quamvis
623 4152 655 4203 in
674 4150 850 4202 universum
871 4151 1059 4214 concordent,
1087 4154 1184 4202 tamen
1211 4150 1243 4201 in
1263 4148 1392 4216 singulis
1412 4153 1469 4200 lam

338 4238 447 4290 multas
467 4237 600 4290 obiciunt
614 4237 831 4304 discrepantias
844 4253 948 4290 rerum
962 4241 990 4288 et
1002 4236 1164 4288 uerborum
1178 4267 1212 4275 —
1227 4251 1301 4302 quas
1317 4250 1470 4301 compares

338 4341 387 4392 pg.
406 4325 439 4377 48
467 4329 496 4376 et
524 4325 604 4390 apud
629 4325 820 4376 Hultsehium
842 4323 946 4376 l‘hilol.
966 4323 1007 4388 (ll,
1026 4340 1075 4390 pg.
1097 4324 1152 4388 196,
1163 4323 1196 4374 22
1209 4339 1282 4390 sqq,
1311 4321 1363 4373 ubi
1391 4322 1470 4388 typis

340 4415 410 4463 sunt
429 4411 584 4463 distinctae
604 4441 645 4476 -,
673 4415 706 4462 ut
724 4411 847 4463 minime
866 4410 921 4462 lrac
940 4426 972 4462 re
991 4409 1187 4462 labefactetur
1206 4425 1272 4461 mea
1291 4407 1471 4460 coniectura.
