3222 5166
592 480 805 540 „29-

327 664 480 719 Chalcidii.
929 663 1069 716 Anatolii.

131 771 164 821 in
176 770 214 823 iis
228 770 391 830 evidenter,
411 783 486 833 quos
503 768 539 820 de
552 767 672 819 Hebdo-

131 857 273 908 madibus
283 854 421 907 instituit.
436 854 673 906 Dinumerantur
761 871 808 921 pg.
821 855 863 906 36.
891 852 994 920 κεφαλή
1013 853 1110 920 χρῆται
1128 849 1219 918 πόροις
1236 848 1268 912 ζ’,

131 957 253 1008 quoque
280 955 425 993 sensuum
453 939 595 1002 omnium,
620 940 673 1006 qul

131 1032 204 1080 sunt
230 1029 263 1078 in
291 1027 394 1092 capite,
413 1029 527 1092 septem
545 1030 671 1078 meatus:
760 1025 918 1095 ὀφθαλμοῖς
931 1026 987 1090 da'o,
1010 1021 1271 1091 ώσὶὸύο,μυκιῆρσι

132 1115 297 1176 oculorum,
311 1113 439 1176 aurium,
452 1112 572 1163 narium
584 1115 672 1178 atque
726 1112 781 1177 daia,
801 1112 917 1182 στόματι.

132 1200 203 1251 oris,
239 1199 347 1251 Vitalia
370 1212 489 1265 quoque
512 1197 593 1262 paris
616 1213 671 1248 nu·
759 1198 903 1267 στιλάγχνα
932 1198 964 1262 ζ’,
993 1197 1134 1266 στόμαχος,
1162 1192 1269 1261 καρδία,

131 1286 219 1338 meri:
239 1285 377 1351 lingua¹),
395 1284 505 1350 pulmo,
525 1299 584 1346 cor,
603 1283 673 1347 lien,
726 1285 862 1353 πνεύμων,
882 1277 963 1353 ἧπαρ,
983 1283 1076 1347 σπλήν,
1097 1279 1194 1351 νεφροὶ
1214 1279 1269 1337 ooo,

132 1372 233 1438 hepar,
269 1371 328 1422 duo
364 1370 471 1422 rienes.
515 1370 674 1422 Vooalium
761 1371 903 1438 φωνήεντα
923 1370 955 1434 ζ’,
976 1386 1096 1432 asceaco.

132 1457 673 1523 quoquolitterarumnnmerusidem,

132 1560 171 1595 ex
202 1542 314 1609 quibus
345 1545 572 1595 consonantium
605 1560 672 1596 con-

134 1631 291 1695 fragositas
303 1629 460 1694 levigatur.
483 1630 587 1682 Lunae
601 1646 672 1697 quo·
762 1625 961 1696 αὐτῆςζσελήνης
974 1628 1070 1695 φάσεις
1083 1627 1115 1689 ζ’,
1136 1624 1176 1681 dis
1188 1644 1271 1695 μηνο-

133 1731 193 1781 quo
228 1715 390 1767 crescentis
427 1720 455 1767 et
490 1717 673 1768 senescentis
725 1715 803 1778 ειδής,
824 1714 865 1770 δὶς
878 1716 1025 1784 διχότομος,
1045 1713 1087 1768 <lis
1100 1713 1272 1781 ἀμφίκυρτος

132 1801 325 1852 multiformis
364 1801 416 1853 illa
451 1801 673 1868 transfiguratio
726 1800 799 1864 ἅπαξ
817 1801 1006 1866 πανσέληνος..

132 1887 165 1938 in
194 1887 298 1938 eodem
324 1902 451 1939 numero
473 1890 604 1939 notatur:
633 1888 671 1939 si-

134 1973 258 2040 quidem
290 1973 327 2026 de
361 1973 489 2025 obscura
520 1979 673 2027 crescente

132 2059 248 2110 lumine
267 2059 301 2110 flt
318 2059 460 2120 bicornis
482 2058 592 2112 dehinc
611 2074 673 2111 sec-

133 2144 204 2205 tilis,
240 2144 348 2196 dehinc
385 2144 540 2196 dimidiata
572 2148 674 2211 maior,

134 2231 244 2283 dehinc
299 2231 397 2296 plena.
448 2234 674 2299 retrorsumque

134 2317 229 2370 maior
266 2317 428 2381 dimidiata,
468 2318 590 2383 sectilis
629 2320 673 2371 bi·

135 2404 244 2458 cornis.
287 2403 367 2467 Quid
394 2405 475 2470 quod
501 2406 534 2457 in
561 2407 674 2458 mundo
763 2407 893 2468 πλανῆται
912 2407 943 2468 ζ’.

135 2493 249 2554 septem
269 2494 339 2542 sunt
356 2491 491 2556 planetes
509 2531 554 2544 ...

144 2681 146 2688 >
221 2648 322 2712 Potui
354 2649 454 2728 plura
488 2650 656 2731 exhibere,
690 2650 769 2716 licet
792 2671 857 2716 non
882 2650 922 2716 de
949 2649 1100 2715 omuibus
1124 2647 1271 2713 numeris

137 2749 285 2832 disputet
308 2749 511 2831 ChalcidiuS,
547 2753 605 2818 scd
639 2773 780 2835 prorsus
814 2755 908 2833 haec,
944 2771 1030 2833 quae
1056 2751 1163 2832 posui,
1187 2750 1272 2817 satis

121 2861 215 2930 sunt
248 2855 354 2918 multa
389 2853 430 2920 ad
465 2856 647 2922 tollendam
682 2876 810 2922 omnem
846 2856 1098 2933 dubitationem,
1127 2853 1205 2934 quid
1229 2852 1272 2918 sit

136 2957 365 3022 iudicandum:
400 2977 518 3039 nempe
543 2958 736 3027 Chalcidius
772 2968 805 3027 et
835 2959 1017 3026 Anatolius
1052 2957 1095 3023 ad
1130 2956 1271 3023 eundem

138 3059 261 3125 fontem
296 3061 437 3141 primum
473 3069 552 3128 sunt
584 3063 760 3132 referendi.
808 3066 921 3144 Atque
955 3062 1129 3143 quaeritur
1161 3061 1224 3140 hic,
1253 3080 1272 3126 e

139 3182 281 3244 quonam
306 3171 444 3230 auctore
468 3185 531 3232 sua
554 3167 705 3233 hauserit
728 3166 931 3234 Chalcidius.
978 3166 1057 3246 Ipse
1085 3165 1125 3230 de
1148 3164 1212 3229 hac
1235 3182 1272 3228 re

138 3266 220 3331 nihil
243 3267 377 3333 indicat.
423 3269 608 3350 Tamquam
632 3290 693 3337 suo
716 3271 849 3350 iudicio,
881 3289 968 3350 quae
992 3269 1054 3334 sibi
1077 3268 1272 3333 viderentur

138 3371 311 3436 intellectu
350 3370 508 3452 difficilia,
547 3379 638 3440 esset
674 3375 912 3455 explicaturus,
957 3374 991 3438 in
1029 3371 1271 3456 prolegomenis

139 3475 211 3556 (IV,
234 3493 288 3557 pg.
312 3481 417 3554 71,12
440 3475 590 3558 Wrobel)
624 3477 664 3542 de
698 3479 868 3558 proposito
903 3477 1047 3544 disserit.
1099 3474 1163 3542 Sed
1199 3493 1271 3539 cum

138 3579 204 3643 iam
227 3578 299 3658 ipsc
323 3579 422 3643 facile
446 3579 627 3658 suspiceris
650 3600 716 3645 non
739 3581 846 3663 ipsius
871 3580 1035 3647 Oltalcidii
1065 3597 1150 3658 csse,
1185 3597 1271 3658 quae

137 3681 363 3763 proferuntur,
398 3687 468 3747 tum
491 3684 695 3763 Martinus2)
729 3684 813 3749 vidit
847 3683 935 3748 haud
965 3683 1118 3765 exiguam
1142 3689 1270 3762 partem

140 3804 254 3850 corum
278 3805 461 3869 congruere
485 3805 559 3850 cum
582 3785 632 3866 iis,
657 3805 741 3867 quae
766 3807 807 3851 ex
830 3786 980 3852 Adrasto
1008 3787 1158 3852 servavit
1180 3786 1271 3850 Theo

140 3889 344 3971 Smyrnaeus
354 3891 389 3970 ³),
424 3890 456 3954 id
480 3888 568 3970 quod
591 3890 640 3954 ita
663 3889 853 3970 explicabat
876 3890 1053 3968 Martinus,
1081 3895 1117 3954 ut
1141 3887 1271 3954 Chalci-

140 3992 231 4058 dium
255 4011 272 4057 c
288 3993 444 4059 Theonoe
461 3992 543 4057 libro
560 3994 622 4058 has
640 3993 863 4074 expositiones
880 3995 1093 4060 transtulisse
1110 3997 1271 4058 censeret.

140 4149 345 4158 -.-.-.,--.-

228 4231 248 4296 ¹)
266 4231 346 4284 Theo
366 4248 414 4298 pg.
436 4232 492 4290 104.
504 4234 547 4285 15:
574 4231 620 4282 καὶ
639 4231 784 4300 σπλάγχνα
803 4229 877 4296 ἑπτά,
897 4233 1037 4299 γλῶσσα,
1057 4231 1156 4300 καρδία
1183 4250 1206 4284 κ.
1219 4250 1238 4285 τ.
1251 4234 1271 4284 λ,

226 4315 246 4384 ²)
266 4317 355 4382 Theo,
375 4317 411 4369 de
430 4322 539 4370 astron.
557 4333 607 4385 pg.
628 4317 667 4371 18.

225 4401 248 4468 ³)
269 4404 303 4454 In
322 4403 400 4455 libro
419 4405 478 4456 iam
497 4407 628 4458 tractato.
