3222 5166
612 489 827 547 ,21-

153 693 215 738 non
262 674 442 752 invenisse,
488 673 545 738 sed
591 673 748 738 inventas
785 672 820 735 in
860 691 954 736 usum
994 689 1143 736 voeasse.
1202 667 1285 750 Quis

153 779 239 842 hane
262 776 377 840 miram
403 775 601 841 sententiam
625 774 784 854 protulit?
830 773 1078 855 Quaerentibus
1106 770 1287 853 respondet

153 881 309 957 ProeluS,
360 899 433 944 oum
484 878 564 943 dioit
613 877 664 958 (in
714 878 795 942 Tim.
834 883 893 942 193
924 876 972 955 D)
1029 877 1061 940 οί
1109 875 1173 958 μὲν
1223 872 1285 939 οὖν

153 981 388 1064 Πυθαγόρειοι
427 983 514 1063 μέγα
556 985 755 1064 φρονοῦσιν,
799 981 847 1061 ὡς
889 979 963 1063 τὴν
1000 983 1071 1044 τοῦ
1110 978 1287 1057 κανόνος

154 1085 393 1168 κατατομὴν
431 1084 467 1148 ἐν
505 1084 644 1165 τούτοις
684 1085 771 1166 (soil.
811 1089 884 1164 τοῖς
923 1081 1088 1165 ἀριθμοῖς
1129 1090 1156 1148 l.
1192 1087 1220 1146 2.
1255 1085 1285 1144 4.

155 1197 183 1256 8.
209 1197 237 1254 3.
261 1195 290 1254 9.
315 1191 368 1269 27)
404 1185 622 1270 σαραθίὸωσι
656 1186 740 1271 (soil.
777 1187 794 1252 ὁ
828 1185 1003 1270 Πλάτων’).
1058 1186 1141 1268 Quis
1176 1191 1287 1250 autem

153 1293 445 1376 Pythagoreorum
478 1291 511 1355 id
546 1296 598 1357 est
621 1292 977 1374 Neopythagoreorum
1012 1291 1079 1355 tale
1107 1288 1184 1370 quid
1210 1307 1286 1353 eon·

154 1396 310 1474 tenderit,
345 1395 442 1459 doeet
475 1413 536 1460 nos
560 1395 778 1476 Porphyrius,
814 1395 869 1475 qui
905 1413 921 1458 e
953 1393 1119 1459 Moderati
1154 1391 1288 1472 seriptis

156 1499 307 1566 servavit
343 1499 427 1562 haee
463 1496 534 1578 (vit.
563 1499 659 1580 Pyth.
689 1497 792 1579 53)¹):
835 1497 924 1579 πρὸς
968 1495 1004 1562 δὲ
1041 1497 1179 1576 τούτοις
1217 1493 1288 1560 τὸν

155 1601 358 1667 Πλάτωνα
392 1602 450 1664 καί
477 1599 688 1683 Ἀριστοτέλη
723 1602 781 1665 καί
805 1650 873 1680 ...,
898 1601 946 1680 ὡς
975 1601 1081 1683 φασίν
1110 1600 1143 1663 ol
1165 1596 1287 1663 Πυθα-

156 1707 290 1788 γόρειοι,
314 1703 451 1786 τὰμὲν
468 1704 655 1786 κάρπιμα
672 1703 997 1786 σφετερίσασθαι
1013 1702 1078 1767 διὰ
1098 1701 1289 1785 βραχείας

157 1809 388 1891 ἐπισκευῆς,
417 1807 460 1871 τὰ
489 1806 719 1872 δ’ἐσιιτόλαια
743 1809 801 1872 καὶ
824 1806 958 1891 ἐλαφρὰ
1063 1807 1111 1887 ὡς
1135 1804 1204 1871 ίὸια
1226 1811 1289 1888 τῆς

158 1913 321 1994 αἱρέσεως
343 1911 425 1992 (soil.
443 1915 515 1975 τῶν
530 1909 794 1992 Πυθαγορείων)
816 1913 1059 1993 καταχωρίσαι.
1093 1909 1289 1975 Moderatus

158 2034 237 2099 ergo
260 2016 366 2080 multa
390 2034 514 2094 eorum,
539 2033 626 2094 quae
649 2016 747 2080 Plato
772 2021 803 2080 et
828 2015 885 2080 alii
908 2013 1089 2097 (imprimis.
1105 2013 1232 2078 scilieet
1249 2012 1290 2076 de

158 2119 305 2184 numeris
329 2137 509 2198 eorumque
533 2116 734 2202 rationibus)
758 2118 853 2183 utilia
874 2137 914 2183 ae
930 2117 1057 2183 leraeia
1071 2117 1291 2198 protulerant,

160 2223 381 2304 Pythagoreis
397 2219 637 2304 vindicabat2),
650 2221 861 2286 Moderatum
878 2222 981 2305 igitur
998 2221 1134 2314 sapiunt
1150 2225 1182 2284 et
1197 2220 1291 2298 haee,

158 2344 245 2405 quae
280 2323 414 2389 exhibet
437 2324 527 2390 Theo
563 2324 603 2391 de
637 2324 795 2390 numeris.
840 2325 947 2406 Atqui
981 2325 1124 2391 vidimus
1151 2324 1292 2406 primam

159 2429 233 2494 libri
265 2432 407 2511 partem,
442 2447 528 2509 quae
563 2434 596 2492 et
629 2429 705 2509 ipsa
738 2434 791 2495 est
820 2429 860 2494 de
885 2429 1042 2509 numeris,
1066 2426 1292 2495 revocandam

160 2550 235 2597 esse
253 2531 295 2596 ad
313 2531 454 2596 eundem
469 2532 686 2614 Pythagorae
704 2536 906 2598 seetatorem
919 2532 1135 2598 Gaditanum.
1159 2531 1292 2611 ltaque,

160 2635 188 2700 si
211 2654 295 2701 vera
318 2642 369 2700 est
393 2639 508 2699 nostra
530 2635 733 2714 eonieotura,
766 2641 962 2716 exspeetare
986 2635 1064 2700 lieet
1084 2633 1292 2699 intercedere

160 2739 247 2804 inter
270 2739 331 2804 has
354 2739 430 2803 libri
453 2743 566 2819 partes
591 2739 737 2819 aliquam
761 2738 1050 2804 neeessitudinem.
1089 2738 1133 2801 Mt
1158 2738 1208 2801 ita
1231 2740 1291 2802 est.

161 2842 320 2921 Primum,
357 2842 481 2907 utiam
506 2841 584 2921 dixi,
617 2843 652 2905 in
680 2849 829 2910 extrema
852 2841 971 2922 prioris
996 2840 1173 2923 fragmenti
1195 2847 1292 2920 parte

161 2945 272 3009 verbis
301 2945 380 3026 περὶ
408 2942 450 3008 οὗ
477 2943 567 3009 κατὰ
594 2945 659 3027 τὴν
687 2947 817 3009 οίκείαν
837 2947 955 3027 χώραν
983 2942 1214 3025 ἀποδώσομεν
1238 2942 1293 3008 do·

163 3048 254 3130 legat
288 3053 405 3113 aueter
440 3047 482 3112 ad
516 3049 614 3128 hane,
638 3048 678 3113 de
703 3067 770 3129 qua
793 3049 933 3132 agimus
956 3054 1096 3129 partem,
1120 3053 1154 3112 et
1175 3065 1293 3112 rursus

250 3200 268 3262 ¹)
288 3201 387 3254 Potest
405 3201 527 3267 ambigi,
556 3204 658 3254 utrum
678 3201 795 3254 ethaeo
815 3202 875 3254 sint
894 3201 1033 3254 Gaditani
1051 3217 1089 3254 an
1107 3200 1204 3267 ipsius
1222 3199 1293 3250 Por-

161 3285 273 3352 phyrii,
301 3303 369 3339 oum
396 3287 497 3339 verbis
525 3285 539 3348 ἦ
565 3284 618 3355 μὲν
645 3287 677 3349 θὴ
704 3286 766 3354 περὶ
785 3288 838 3338 τοῖν
857 3283 986 3354 ἀριθμῶν
1004 3286 1176 3355 πραγματεία
1193 3282 1294 3346 τοιαύτη

162 3379 215 3425 τοῖς
233 3373 428 3440 Πυθαγορείοις
446 3373 594 3426 Moderati
606 3374 806 3440 fragmentum
818 3373 901 3426 finiri
916 3374 1062 3426 videatur.
1091 3372 1151 3426 Sed
1162 3372 1294 3439 primum

163 3458 293 3511 notabile
321 3465 365 3512 est
391 3460 467 3513 illud
496 3458 531 3514 ὦς
558 3459 644 3528 φασὶν
671 3460 697 3510 οἱ
723 3459 910 3528 Πυθαγόρειοι,
940 3476 1068 3526 quorum
1094 3459 1204 3525 placita
1226 3473 1294 3509 oon-

164 3545 323 3610 soripsisse
351 3546 538 3599 Moderatum
566 3546 652 3598 modo
681 3545 758 3597 dixit
781 3545 974 3612 Porphyrius,
1001 3548 1064 3597 tum
1092 3546 1124 3597 in
1151 3545 1211 3596 fine
1237 3539 1296 3594 loci

164 3630 247 3683 addit
265 3624 332 3682 ᾰίίᾶ
349 3633 430 3682 ταῦτα
449 3633 535 3699 (quae
553 3632 641 3684 modo
659 3637 781 3684 narrata
793 3631 872 3697 sunt)
890 3629 943 3698 μὲν
962 3626 1046 3697 ἀπέβη
1066 3627 1183 3698 ὕστερον.
1210 3630 1295 3681 Dilu-

165 3717 231 3770 cide
255 3717 348 3783 igitur
375 3719 483 3770 fatetur
510 3734 542 3770 se
569 3719 641 3770 haee
666 3718 864 3783 praecepisse,
902 3716 989 3780 Quod
1007 3722 1040 3770 ut
1058 3718 1168 3768 laceret
1187 3731 1245 3784 qua
1264 3729 1297 3767 re

163 3802 308 3856 inductus
328 3803 390 3856 est?
418 3803 567 3856 Videlicet
586 3804 703 3867 efonta,
723 3819 738 3855 e
753 3818 811 3869 qno
827 3818 869 3868 ea,
888 3819 964 3869 quae
977 3803 1171 3868 praecedunt,
1188 3802 1297 3864 hausit,

164 3890 196 3941 id
216 3891 261 3942 est
278 3888 423 3941 Moderati
443 3904 541 3956 opere,
567 3890 651 3954 plura
672 3889 800 3953 sumpsit
818 3904 910 3955 quam
928 3905 1004 3955 quae
1022 3889 1059 3942 ad
1077 3893 1196 3954 tempus
1215 3890 1298 3940 erant

165 3977 344 4040 necessaria,
361 3976 394 4026 id
413 3975 495 4042 quod
512 3991 573 4028 non
591 3991 659 4027 raro
679 3976 780 4028 evenit
798 3975 930 4042 antiquis
952 3975 1159 4043 seriptoribus.
1196 3975 1298 4027 Verba

166 4059 251 4132 ἡμὲν
269 4060 300 4124 a)
319 4060 381 4129 napi
399 4063 453 4112 τῶν
471 4055 602 4131 ἀριθμῶν
618 4060 671 4112 κτλ.
689 4062 866 4126 inseruerat,
894 4060 975 4129 quod
1002 4077 1036 4114 re
1062 4077 1133 4114 vera
1151 4062 1197 4125 iis,
1222 4076 1298 4128 quae

166 4150 203 4202 de
221 4148 357 4200 numeris
377 4163 392 4200 e
411 4148 564 4200 Moderato
583 4147 689 4211 attulit,
716 4148 772 4198 hoe
790 4148 855 4200 loeo
874 4148 966 4200 finem
984 4148 1168 4215 imposuerat
1186 4148 1299 4214 (confer

166 4236 271 4299 ZeMer,
289 4234 377 4299 111,2‚
390 4235 439 4287 129
458 4235 525 4287 adn.
546 4234 578 4302 1).

252 4319 273 4388 ⁹)
292 4319 481 4374 Moderatum
509 4319 597 4372 etiam
617 4319 749 4371 Platonis
778 4319 814 4370 de
837 4319 960 4370 materia
980 4320 1087 4386 dogma
1104 4319 1299 4386 Pythagoreis

168 4405 340 4460 attribuisse
361 4406 447 4457 docet
466 4405 568 4473 Simpl.
587 4405 671 4472 phys.
692 4405 750 4470 230,
761 4407 794 4458 36
813 4405 923 4472 (Diels).
