3222 5166
591 482 806 543 ..39-

325 664 479 717 Macrobii.

131 767 199 819 fons
217 773 245 820 et
263 767 346 836 origo
367 783 570 820 numerorum.
597 767 671 818 haec

132 867 235 905 monas
245 853 365 922 initium
371 854 389 922 ¹)
396 855 526 922 finisque
537 853 671 906 omnium

132 953 230 1005 neque
257 940 322 1004 ipso
348 940 493 1007 principii
521 945 571 992 aut
600 939 671 991 finis

132 1023 258 1090 seiens²t
289 1025 328 1078 od
356 1041 507 1079 summum
542 1027 672 1079 refertur

134 1111 224 1162 deum
243 1111 368 1178 eiusque
387 1112 573 1164 intellectum
592 1126 608 1162 a
626 1125 671 1163 se-

134 1197 291 1262 quentium
331 1211 456 1250 numero
501 1212 603 1249 rerum
644 1202 673 1250 et

133 1287 312 1348 potestatum
342 1287 516 1350 sequestrat,
550 1299 606 1336 neo
640 1283 673 1334 in

132 1368 274 1421 inferiore
283 1373 350 1436 post
360 1369 449 1422 deum
459 1369 556 1436 gradu
562 1368 673 1421 frustra

133 1469 198 1506 eam
218 1454 443 1508 desideraveris.
468 1455 541 1507 haee
559 1455 611 1507 illa
630 1457 674 1506 est

133 1554 219 1592 mens
236 1556 274 1592 ex
286 1555 403 1593 summo
417 1545 502 1594 enata
516 1541 580 1605 deo,
599 1555 674 1607 quae

134 1625 216 1678 vices
237 1631 405 1693 temporum
418 1627 556 1680 nesciens
569 1627 601 1679 in
613 1641 674 1679 uno

134 1726 261 1778 semper,
295 1713 375 1780 qnod
412 1714 503 1776 adest,
540 1713 675 1765 consistit

135 1812 217 1862 aevo,
245 1814 375 1867 cumque
403 1803 503 1866 utpote
531 1814 591 1851 una
613 1814 672 1850 non

135 1884 174 1937 sit
191 1884 257 1951 ipsa
274 1885 481 1949 numerabilis,
499 1885 675 1937 innumeros

134 1973 234 2022 tamen
261 1985 406 2036 generum
434 1971 549 2037 species
579 1974 608 2022 et
638 1970 675 2022 de

135 2071 167 2109 se
188 2059 268 2109 creat
286 2060 314 2108 et
331 2057 411 2110 intra
428 2073 460 2109 se
480 2056 617 2109 continet.

170 2227 301 2292 I‚VI‚43.
311 2228 382 2281 item
391 2228 495 2280 nullus
505 2228 674 2293 sapientum

136 2313 265 2366 animam
289 2329 327 2366 ex
349 2314 537 2380 symphoniis
556 2328 675 2381 quoque

136 2400 262 2452 musicis
305 2400 473 2453 constitisse
518 2399 674 2452 dubitavit.

135 2486 214 2538 inter
241 2486 295 2538 has
320 2501 380 2538 non
398 2500 509 2552 parvae
526 2485 675 2551 potentiae

136 2576 189 2637 est,
208 2587 283 2639 quae
296 2570 463 2624 diciturne
479 2573 583 2624 πασῶν.
603 2571 674 2624 haee

136 2660 251 2711 constat
278 2673 315 2710 ex
343 2658 470 2724 duabus·
497 2659 528 2710 id
556 2661 600 2711 est
630 2656 674 2708 διό

133 2743 270 2811 τεσσάρων
296 2747 325 2796 et
352 2741 396 2794 ιλιιί
415 2740 501 2808 πέντε,
524 2744 558 2797 flt
576 2747 674 2796 autem

134 2828 179 2880 όια·
197 2826 276 2882 πέντε
294 2846 331 2882 ex
349 2830 498 2894 hemiolio,
525 2833 554 2882 et
579 2829 612 2882 fit
630 2827 674 2880 όιό

133 2915 270 2984 τεσσάρων
292 2931 331 2969 ex
350 2915 477 2983 epitrito,
501 2921 529 2969 et
552 2920 595 2969 est
613 2917 674 2982 pri·

135 3017 203 3054 mus
230 3001 387 3054 hemiolius
414 3003 478 3066 tria,
505 3006 534 3054 et
556 3002 675 3068 primus

137 3087 275 3154 epitritus
303 3092 442 3155 quattuor
539 3102 610 3155 ergo
638 3102 675 3139 ex

136 3173 183 3226 his
206 3173 324 3226 duobus
344 3174 481 3227 numeris
500 3177 614 3226 constat
632 3170 676 3223 tot

134 3259 272 3328 τεσσάρων
289 3265 319 3313 et
336 3259 381 3311 δαὶ
399 3257 484 3312 πέντε.

172 4047 196 4112 Ι,
206 4047 257 4112 VI,
269 4046 309 4100 12.
346 4046 482 4098 senarius
519 4059 589 4097 vero

137 4134 273 4200 primum
363 4131 445 4183 solus
473 4146 511 4183 ex
538 4129 678 4182 omnibus

924 666 1066 720 Anatolii.

723 760 752 828 ἐξ
769 759 799 830 ἦε
819 768 979 823 πάντες
998 768 1039 820 ιλιὸ
1061 769 1179 821 καλεῖται
1199 770 1266 838 γονή

724 849 770 916 itio
789 847 856 907 οὖσα
873 857 927 906 τῶν
945 849 1074 925 ιίριίέμῶν

756 1020 871 1080 ἐκάλουν
888 1024 920 1078 (ie
938 1025 1020 1091 αὐτὴν
1042 1026 1068 1078 οἱ
1085 1027 1266 1096 Πυθαγόρειοι

724 1113 789 1165 νοῦν
814 1109 962 1174 εἰκάζοντες
986 1115 1022 1186 τῷ
1048 1111 1090 1165 ένὶ
1117 1107 1206 1179 αὐτόν,
1230 1114 1266 1184 τῷ

725 1198 809 1268 νοητῷ
828 1200 885 1269 θεῷ
904 1239 949 1252 ,.,

761 2247 810 2298 pg.
829 2231 871 2284 32.
907 2229 937 2282 οὐ
968 2229 1054 2297 μόνον
1082 2225 1119 2281 4ιλὲ
1149 2227 1193 2280 τόν
1224 2229 1269 2280 τοῦ

727 2317 847 2385 σώματος
869 2311 967 2385 ἐπέχει
992 2314 1072 2383 λόγον
1092 2308 1123 2367 ἑν
1142 2309 1269 2384 ἀριθμοῖς

726 2402 823 2472 τετράς,
843 2400 910 2454 ἀλλά
928 2399 974 2452 καὶ
991 2401 1037 2451 τόν
1053 2402 1097 2464 τῆς
1111 2401 1211 2469 ψυχῆς·
1234 2400 1269 2456 nis

727 2489 781 2559 γαρ
809 2489 853 2550 τόν
882 2485 945 2539 ὅλον
972 2486 1074 2553 κόσμον
1104 2486 1174 2555 φασὶ
1202 2488 1269 2540 κατα

728 2574 863 2644 ἁρμονίαν
890 2573 1056 2636 διοικεῖσθαι,
1085 2569 1153 2625 οὕτω
1177 2572 1223 2625 καί.
1241 2573 1269 2626 w*

727 2663 797 2732 ζῶον
822 2661 991 2729 ψυχοῦσθαι,
1019 2658 1096 2710 όοκεῐ
1119 2657 1150 2712 δὲ
1175 2657 1270 2714 τέλειος

727 2745 847 2816 ἁρμονία
873 2739 904 2798 ἑν
927 2743 994 2812 τρισὶ
1012 2745 1185 2812 συμφωνίαις
1201 2745 1270 2815 ὑφε-

727 2831 828 2896 στάναι,
854 2832 887 2901 τῇ
904 2829 949 2882 (λιτὶ
968 2828 1003 2894 (λ’,
1031 2825 1083 2894 ἥτις
1099 2824 1130 2884 ἑν
1148 2824 1270 2904 ἐπιτρίτῳ

727 2925 810 2971 κεῖται
827 2917 905 2986 λόγῳ,
932 2916 963 2984 τῇ
990 2914 1035 2967 (λιτὶ
1058 2918 1083 2970 ε’
1101 2913 1132 2970 ἑν
1150 2916 1269 2989 ἡμιολίῳ,

727 3005 758 3074 τῇ
777 3002 821 3055 tut
839 3003 936 3056 πασῶν
953 2996 984 3054 ἐν
1002 3001 1159 3056 διπλασίονι.
1187 3003 1271 3057 ὄντων

728 3088 759 3144 (λέ
777 3085 907 3159 ἀριθμῶν
927 3087 1060 3154 τεττάρων
1082 3090 1136 3140 τῶν
1158 3091 1271 3158 πρῶτων

730 3175 756 3227 α’
774 3175 801 3244 β’
824 3173 852 3243 y'
875 3173 909 3239 δ’,
937 3166 968 3226 έν
993 3172 1090 3229 τούτοις
1115 3173 1161 3226 καὶ
1188 3174 1202 3238 ἡ
1228 3177 1273 3240 τῆς

728 3261 820 3330 ψυχῆς
854 3256 915 3312 ἰόέα
945 3255 1098 3328 περιέχεται
1126 3261 1192 3312 κατιί
1226 3262 1272 3314 τόν

728 3342 891 3416 ἐναρμόνιον
909 3344 996 3414 λόγον,
1025 3344 1039 3396 ὁ
1065 3343 1118 3415 μὲν
1137 3345 1163 3398 δ’
1181 3349 1227 3398 τοῦ
1243 3349 1271 3417 β’

729 3433 775 3484 καί
802 3431 815 3484 ὃ
842 3433 869 3500 β’
896 3432 941 3483 τοῦ
969 3429 996 3480 α’
1025 3429 1169 3495 διπλάσιος,
1196 3427 1227 3484 ἑν
1249 3425 1272 3505 ᾤ

728 3525 813 3572 κεῖται
829 3517 844 3582 ἡ
863 3517 908 3570 όιτὶ
927 3517 1023 3568 πασῶν
1038 3518 1195 3586 συμφωνία,
1214 3517 1272 3571 «iti

729 3605 757 3674 γ’
775 3606 820 3656 τοῦ
837 3603 864 3667 β’
885 3601 1000 3668 ἡμιόλιος
1027 3599 1165 3672 περιέχων
1192 3599 1272 3655 αὐτόν

729 3689 775 3742 καὶ
801 3688 829 3741 τὸ
856 3686 935 3757 ἥμιου
961 3688 1008 3752 τήν
1035 3687 1081 3740 toi
1108 3685 1187 3740 πέντε
1204 3707 1272 3760 συμ-

730 3775 842 3846 φωνίαν
859 3772 1010 3843 όποβόλλει,
1039 3773 1059 3826 o‘
1087 3771 1118 3827 δὲ
1136 3773 1162 3827 δ’
1180 3777 1226 3827 τοῦ
1242 3777 1273 3844 y‘

729 3857 864 3929 ἐπίτριτος,
882 3854 914 3913 ἒν
931 3852 955 3932 ᾧ
973 3859 988 3924 ἦ
1008 3859 1052 3912 διαὶ
1071 3860 1097 3912 δ’
1116 3857 1272 3930 συμφωνία.

764 4058 813 4109 pg.
822 4042 864 4096 34.
892 4037 952 4102 ἑξᾰε
970 4042 1073 4110 πρῶτος
1084 4039 1179 4098 τέλειος
1191 4043 1273 4114 ἀριθ-

729 4126 787 4195 μός.
814 4133 867 4182 τοῖς
893 4126 948 4196 γαρ
970 4125 1047 4192 αότῆε
1064 4126 1176 4199 μέρεσιν
1194 4127 1273 4197 ἀριθ-

226 4323 244 4391 ¹)
262 4323 354 4376 Theo,
372 4337 421 4389 pg.
439 4320 536 4386 99,24;
554 4318 640 4391 μοναε
659 4316 730 4388 α’ρχὴ
751 4318 860 4372 πάντων
877 4357 923 4373 ...

225 4408 245 4476 ²)
264 4409 373 4462 Confer
392 4406 524 4460 Gholoid.
542 4423 591 4475 pg.
610 4406 713 4472 104,24
725 4421 789 4474 sqq.
