3222 5166
597 483 833 542 -11-·

224 666 428 734 Utilissimus
451 667 654 748 maximique
675 666 831 732 momenti
850 671 900 732 est
918 667 1004 733 alius
1021 667 1113 733 locus
1129 664 1270 750 (36,19).

137 769 248 835 Affert
275 770 360 835 enim
385 770 576 851 AnatoliuS,
599 777 637 836 ut
659 771 851 854 comprobet
877 775 1004 852 septem
1029 789 1103 836 esse
1128 770 1269 836 chorda-

136 893 206 938 rum
228 874 345 956 lyram,
369 872 453 940 duos
470 874 657 955 Terpandri
675 893 794 941 versus
807 871 840 958 ¹),
865 893 947 957 quos
963 874 1061 940 Philo
1077 893 1141 939 non
1158 874 1269 940 habet.

136 975 218 1043 Cum
244 981 352 1042 autem
378 977 431 1042 hic
453 995 524 1042 rem
546 977 656 1058 ipsam
679 976 712 1041 id
736 985 788 1042 est
803 977 910 1060 lyram
927 977 1166 1058 eptachordam
1183 996 1270 1043 oom-

136 1088 295 1146 memoret
319 1077 462 1164 141141,
497 1085 639 1162 apparet
673 1085 733 1147 aut
765 1082 941 1147 Philonem
975 1081 1050 1147 illos
1085 1100 1204 1147 versus
1237 1081 1270 1146 in

136 1183 227 1250 fonte
263 1184 418 1250 inventos
456 1183 606 1249 omisisse
648 1188 709 1250 aut
746 1184 941 1250 Anatolium
988 1203 1064 1276 111
1091 1184 1269 1252 addidisse.

136 1287 286 1369 Quarum
320 1287 549 1353 condicionum
584 1287 725 1368 primam
750 1305 825 1353 esse
849 1287 1143 1354 verisimillimam
1175 1288 1271 1354 docet

136 1389 290 1462 Clemens
328 1389 591 1470 Alexandrinus,
630 1389 695 1473 qui,
734 1390 892 1456 Anatolio
931 1395 1043 1456 aetate
1081 1391 1198 1471 maior,
1235 1392 1269 1456 in

135 1495 250 1560 eodem
288 1495 530 1560 sententiarum
568 1499 727 1560 contextu
765 1513 866 1560 unum
905 1494 1089 1575 Terpandri
1135 1513 1268 1561 versum

136 1598 292 1679 ascripsit
324 1595 457 1680 (Strom.
482 1597 604 1679 VI,16,
620 1595 702 1680 144).
759 1598 878 1680 Itaque
914 1603 989 1664 arta
1023 1598 1268 1681 propinquitas,

136 1720 221 1783 quae
244 1701 387 1768 interest
408 1701 442 1764 in
466 1699 589 1766 ceteris
611 1699 701 1766 inter
723 1700 897 1766 Philonem
922 1706 956 1766 et
979 1701 1186 1781 Anatolium,
1210 1702 1268 1768 ad·

134 1804 266 1870 niodum
301 1803 441 1886 simplici
476 1823 516 1869 ac
550 1799 699 1869 evidenti
728 1803 859 1869 ratione
885 1805 1045 1885 explicari
1069 1824 1134 1870 non
1156 1811 1269 1886 potest

134 1907 199 1981 nisi
222 1907 401 1976 statuimus
418 1926 484 1972 non
501 1907 643 1972 Philone
660 1925 754 1972 nsum
772 1925 847 1972 esse
863 1907 1059 1973 Anatolium
1077 1908 1136 1974 sed
1152 1909 1267 1974 eodem

133 2012 224 2077 sonte
248 2016 350 2092 atque
372 2009 558 2076 Philonem.
639 2061 642 2066 ⁴

220 2115 293 2180 Hoc
317 2114 431 2196 quinto
456 2113 596 2195 denique
620 2115 693 2181 loco
717 2115 932 2180 confirmatur
955 2120 1057 2195 atque
1073 2115 1267 2196 comproba·

133 2223 197 2284 tur.
243 2218 357 2283 Verba
380 2217 481 2283 enim:
515 2215 667 2283 Πλάσων
701 2215 736 2300 ἐξ
769 2215 859 2282 ἑπτὰ
892 2215 1056 2300 ἀριθμῶν
1084 2219 1268 2302 συνέστησε

134 2321 198 2406 τὴν
222 2320 339 2404 ψυχὴν
362 2321 399 2386 ἐν
425 2319 557 2403 Τιμαίῳ
581 2318 724 2405 (3123),
759 2339 845 2403 quae
870 2320 996 2386 frustra
1019 2321 1156 2402 quaeris
1180 2323 1265 2402 apud

133 2425 315 2505 Philonem,
339 2443 404 2490 non
428 2425 534 2490 solum
558 2425 592 2490 in
615 2425 762 2490 omnium
785 2423 866 2504 fere,
891 2424 946 2505 qui
974 2423 1093 2489 iisdem
1109 2424 1150 2489 de
1166 2424 1267 2491 rebus

132 2529 349 2609 scripserunt,
384 2527 476 2593 libris
499 2528 729 2609 inveniuntur,
763 2528 821 2594 sed
844 2527 996 2608 plerique
1020 2527 1178 2594 continua
1203 2528 1267 2594 dis·

132 2632 306 2713 putatione
330 2651 369 2697 11
392 2633 465 2698 1111
489 2630 529 2696 de
552 2633 616 2697 hoc
637 2631 813 2697 Platonico
836 2631 960 2712 placito
984 2629 1184 2712 disserunt.v

219 2735 301 2802 (lum
324 2735 428 2819 igitur
450 2739 605 2800 constare
630 2734 795 2815 videatur,
818 2753 860 2800 ex
882 2753 948 2799 uno
972 2733 1155 2815 eodemque
1176 2735 1267 2801 fonto

132 2835 287 2906 hausisse
309 2837 396 2920 illos,
429 2839 497 2904 iam
521 2837 705 2919 quaeritur,
737 2838 811 2919 quis
834 2837 936 2903 fuerit
957 2837 1014 2901 ille
1038 2844 1158 2905 auctor
1181 2858 1267 2905 com·

134 2943 252 3009 munis.
302 2943 478 3008 Anatolius
516 2947 586 3008 tarn
624 2941 772 3007 breviter
808 2961 862 3007 res
898 2941 1096 3026 perstringit
1137 2942 1266 3007 nomine

133 3047 268 3126 omisso,
304 3051 340 3112 ut
373 3064 413 3110 en
449 3065 487 3112 eo
522 3045 703 3127 quidquam
735 3046 815 3111 certi
841 3045 915 3110 elici
939 3063 1005 3109 non
1028 3045 1146 3126 possit,
1169 3044 1266 3110 Philo

134 3154 256 3229 autem,
291 3168 492 3231 quamquam
516 3148 621 3215 fusius
645 3149 788 3230 disserit,
817 3153 991 3213 auctorum
1013 3148 1159 3229 nomina,
1182 3167 1267 3230 quos

134 3253 294 3334 sequitur,
329 3271 460 3333 semper
494 3251 563 3318 fere
590 3252 718 3317 reticet.
763 3253 884 3333 Itaque
908 3251 949 3316 de
972 3255 1066 3317 reeta
1089 3250 1156 3332 via,
1180 3270 1266 3332 quae

52 3371 56 3378 ·
133 3355 236 3422 ducat
259 3374 318 3422 nos
343 3354 383 3421 ad
408 3355 544 3434 fontem,
573 3375 613 3420 ex
637 3359 753 3420 neutro
777 3354 959 3435 quidquam
974 3355 1129 3437 cognosci
1144 3359 1266 3435 potest,

133 3462 170 3524 ut
208 3468 320 3525 autem
356 3477 417 3540 per
450 3459 621 3542 ambages,
655 3476 739 3539 quas
774 3457 897 3538 dieunt,
937 3456 1064 3538 aliquid
1100 3445 1266 3542 indagare

133 3581 299 3642 conemur,
336 3562 429 3644 prius
467 3561 507 3628 de
546 3562 631 3642 aliis,
670 3561 727 3642 qui
764 3561 897 3627 easdem
933 3580 987 3626 res
1024 3563 1266 3641 tractaverunt,

133 3664 326 3732 dissertatio
349 3665 546 3732 instituatur
568 3682 705 3730 neeesse
729 3666 792 3730 est.

335 3851 415 3933 III.
449 3851 520 3932 De
548 3850 746 3931 Theone
775 3849 1063 3956 Smyrnaeo.

220 4044 331 4124 Libro,
356 4045 411 4126 qui
427 4044 620 4110 inscribitur
634 4044 810 4125 Expositio
826 4062 938 4109 rerum
953 4043 1266 4110 mathematicorum

134 4146 377 4230 adlegandum
401 4148 576 4214 Platonem
612 4148 752 4228 utilium,
786 4147 927 4213 inseruit
950 4147 1042 4212 Theo
1073 4148 1265 4214 continuam

222 4317 242 4386 ¹)
261 4315 364 4384 Spurii
383 4322 454 4370 sunt
472 4319 564 4386 (Diels
583 4319 727 4372 Vorsokr.
745 4334 793 4385 pg.
814 4317 921 4387 13171
949 4317 1002 4370 sed
1022 4318 1167 4382 conferas,
1189 4334 1265 4386 quae

134 4403 200 4457 dixi
218 4419 311 4470 supra
330 4404 366 4456 de
385 4405 551 4458 Heracliteo
571 4407 746 4473 fragmento.
