<?xml version="1.0" encoding="UTF-8"?>
<!DOCTYPE html PUBLIC "-//W3C//DTD XHTML 1.0 Transitional//EN"
    "http://www.w3.org/TR/xhtml1/DTD/xhtml1-transitional.dtd">
<html xmlns="http://www.w3.org/1999/xhtml" xml:lang="en" lang="en">
 <head>
  <title>
</title>
<meta http-equiv="Content-Type" content="text/html;charset=utf-8" />
  <meta name='ocr-system' content='tesseract 3.04.00' />
  <meta name='ocr-capabilities' content='ocr_page ocr_carea ocr_par ocr_line ocrx_word'/>
</head>
<body>
  <div class='ocr_page' id='page_1' title='image "./deanatoliifonti01borggoog_0047.png"; bbox 0 0 3222 5166; ppageno 0'>
   <div class='ocr_carea' id='block_1_1' title="bbox 808 461 1024 521">
    <p class='ocr_par' dir='ltr' id='par_1_1' title="bbox 808 461 1024 521">
     <span class='ocr_line' id='line_1_1' title="bbox 808 461 1024 521; baseline 0 -21"><span class='ocrx_word' id='word_1_1' title='bbox 808 461 1024 521; x_wconf 73' lang='grc'>,40-</span> 
     </span>
    </p>
   </div>
   <div class='ocr_carea' id='block_1_2' title="bbox 539 641 759 695">
    <p class='ocr_par' dir='ltr' id='par_1_2' title="bbox 539 641 759 695">
     <span class='ocr_line' id='line_1_2' title="bbox 539 641 759 695; baseline 0.009 -3"><span class='ocrx_word' id='word_1_2' title='bbox 539 641 694 695; x_wconf 83' lang='lat' dir='ltr'><strong>Macrobii.</strong></span> <span class='ocrx_word' id='word_1_3' title='bbox 758 677 759 681; x_wconf 65' lang='lat'><strong>,</strong></span> 
     </span>
    </p>
   </div>
   <div class='ocr_carea' id='block_1_3' title="bbox 346 744 888 1398">
    <p class='ocr_par' dir='ltr' id='par_1_3' title="bbox 346 744 888 1398">
     <span class='ocr_line' id='line_1_3' title="bbox 346 744 888 811; baseline 0.006 -15"><span class='ocrx_word' id='word_1_4' title='bbox 346 746 491 809; x_wconf 79' lang='lat' dir='ltr'><strong>numeria,</strong></span> <span class='ocrx_word' id='word_1_5' title='bbox 517 745 570 811; x_wconf 90' lang='lat' dir='ltr'><strong>qui</strong></span> <span class='ocrx_word' id='word_1_6' title='bbox 588 744 668 809; x_wconf 88' lang='lat' dir='ltr'><strong>intra</strong></span> <span class='ocrx_word' id='word_1_7' title='bbox 688 745 791 799; x_wconf 83' lang='lat' dir='ltr'><strong>decem</strong></span> <span class='ocrx_word' id='word_1_8' title='bbox 810 751 888 810; x_wconf 90' lang='lat' dir='ltr'><strong>sunt,</strong></span> 
     </span>
     <span class='ocr_line' id='line_1_4' title="bbox 347 830 888 897; baseline 0.004 -15"><span class='ocrx_word' id='word_1_9' title='bbox 347 831 384 882; x_wconf 91' lang='lat' dir='ltr'><strong>de</strong></span> <span class='ocrx_word' id='word_1_10' title='bbox 403 831 467 882; x_wconf 82' lang='lat' dir='ltr'><strong>suis</strong></span> <span class='ocrx_word' id='word_1_11' title='bbox 485 830 622 897; x_wconf 87' lang='lat' dir='ltr'><strong>partibus</strong></span> <span class='ocrx_word' id='word_1_12' title='bbox 649 834 771 884; x_wconf 81' lang='lat' dir='ltr'><strong>constat.</strong></span> <span class='ocrx_word' id='word_1_13' title='bbox 798 831 888 884; x_wconf 84' lang='lat' dir='ltr'><strong>habet</strong></span> 
     </span>
     <span class='ocr_line' id='line_1_5' title="bbox 347 916 887 982; baseline 0.004 -14"><span class='ocrx_word' id='word_1_14' title='bbox 347 917 427 968; x_wconf 90' lang='lat' dir='ltr'><strong>enim</strong></span> <span class='ocrx_word' id='word_1_15' title='bbox 446 916 637 969; x_wconf 87' lang='lat' dir='ltr'><strong>medietatem</strong></span> <span class='ocrx_word' id='word_1_16' title='bbox 650 921 678 968; x_wconf 95' lang='lat' dir='ltr'><strong>et</strong></span> <span class='ocrx_word' id='word_1_17' title='bbox 692 917 809 969; x_wconf 80' lang='lat' dir='ltr'><strong>tertiam</strong></span> <span class='ocrx_word' id='word_1_18' title='bbox 822 933 887 982; x_wconf 86' lang='lat' dir='ltr'><strong>par-</strong></span> 
     </span>
     <span class='ocr_line' id='line_1_6' title="bbox 347 1005 888 1067; baseline 0.004 -13"><span class='ocrx_word' id='word_1_19' title='bbox 347 1007 407 1054; x_wconf 91' lang='lat' dir='ltr'><strong>tem</strong></span> <span class='ocrx_word' id='word_1_20' title='bbox 437 1005 465 1054; x_wconf 92' lang='lat' dir='ltr'><strong>et</strong></span> <span class='ocrx_word' id='word_1_21' title='bbox 494 1005 610 1054; x_wconf 85' lang='lat' dir='ltr'><strong>sextam</strong></span> <span class='ocrx_word' id='word_1_22' title='bbox 638 1007 755 1067; x_wconf 87' lang='lat' dir='ltr'><strong>partem</strong></span> <span class='ocrx_word' id='word_1_23' title='bbox 785 1005 813 1054; x_wconf 91' lang='lat' dir='ltr'><strong>et</strong></span> <span class='ocrx_word' id='word_1_24' title='bbox 842 1006 888 1056; x_wconf 83' lang='lat' dir='ltr'><strong>est</strong></span> 
     </span>
     <span class='ocr_line' id='line_1_7' title="bbox 347 1088 887 1155; baseline 0 -15"><span class='ocrx_word' id='word_1_25' title='bbox 347 1088 490 1142; x_wconf 82' lang='lat' dir='ltr'><strong>medietas</strong></span> <span class='ocrx_word' id='word_1_26' title='bbox 517 1088 585 1152; x_wconf 79' lang='lat' dir='ltr'><strong>tria,</strong></span> <span class='ocrx_word' id='word_1_27' title='bbox 610 1089 697 1140; x_wconf 88' lang='lat' dir='ltr'><strong>tertia</strong></span> <span class='ocrx_word' id='word_1_28' title='bbox 723 1103 794 1155; x_wconf 88' lang='lat' dir='ltr'><strong>pars</strong></span> <span class='ocrx_word' id='word_1_29' title='bbox 819 1089 887 1153; x_wconf 91' lang='lat' dir='ltr'><strong>duo,</strong></span> 
     </span>
     <span class='ocr_line' id='line_1_8' title="bbox 346 1177 888 1241; baseline 0.004 -17"><span class='ocrx_word' id='word_1_30' title='bbox 346 1177 430 1226; x_wconf 87' lang='lat' dir='ltr'><strong>sexta</strong></span> <span class='ocrx_word' id='word_1_31' title='bbox 456 1189 527 1240; x_wconf 89' lang='lat' dir='ltr'><strong>pars</strong></span> <span class='ocrx_word' id='word_1_32' title='bbox 554 1189 658 1238; x_wconf 90' lang='lat' dir='ltr'><strong>unum,</strong></span> <span class='ocrx_word' id='word_1_33' title='bbox 686 1190 762 1241; x_wconf 87' lang='lat' dir='ltr'><strong>quae</strong></span> <span class='ocrx_word' id='word_1_34' title='bbox 788 1177 888 1228; x_wconf 89' lang='lat' dir='ltr'><strong>omnia</strong></span> 
     </span>
     <span class='ocr_line' id='line_1_9' title="bbox 346 1259 888 1313; baseline 0.006 -3"><span class='ocrx_word' id='word_1_35' title='bbox 346 1259 437 1312; x_wconf 83' lang='lat' dir='ltr'><strong>simul</strong></span> <span class='ocrx_word' id='word_1_36' title='bbox 455 1274 509 1312; x_wconf 86' lang='lat' dir='ltr'><strong>sex</strong></span> <span class='ocrx_word' id='word_1_37' title='bbox 527 1259 649 1312; x_wconf 80' lang='lat' dir='ltr'><strong>faciunt.</strong></span> <span class='ocrx_word' id='word_1_38' title='bbox 677 1260 766 1313; x_wconf 90' lang='lat' dir='ltr'><strong>habet</strong></span> <span class='ocrx_word' id='word_1_39' title='bbox 785 1264 813 1313; x_wconf 87' lang='lat' dir='ltr'><strong>et</strong></span> <span class='ocrx_word' id='word_1_40' title='bbox 831 1261 888 1313; x_wconf 87' lang='lat' dir='ltr'><strong>alia</strong></span> 
     </span>
     <span class='ocr_line' id='line_1_10' title="bbox 346 1344 843 1398; baseline 0.006 -4"><span class='ocrx_word' id='word_1_41' title='bbox 346 1360 418 1397; x_wconf 83' lang='lat' dir='ltr'><strong>suae</strong></span> <span class='ocrx_word' id='word_1_42' title='bbox 437 1345 639 1397; x_wconf 86' lang='lat' dir='ltr'><strong>venerationis</strong></span> <span class='ocrx_word' id='word_1_43' title='bbox 658 1344 771 1398; x_wconf 88' lang='lat' dir='ltr'><strong>indicia</strong></span> <span class='ocrx_word' id='word_1_44' title='bbox 790 1350 843 1397; x_wconf 78' lang='lat' dir='ltr'><strong>etc.</strong></span> 
     </span>
    </p>
   </div>
   <div class='ocr_carea' id='block_1_4' title="bbox 380 1481 886 1548">
    <p class='ocr_par' dir='ltr' id='par_1_4' title="bbox 380 1481 886 1548">
     <span class='ocr_line' id='line_1_11' title="bbox 380 1481 886 1548; baseline 0.002 -14"><span class='ocrx_word' id='word_1_45' title='bbox 380 1483 463 1548; x_wconf 85' lang='lat' dir='ltr'><strong>I,Vl,</strong></span> <span class='ocrx_word' id='word_1_46' title='bbox 475 1483 515 1535; x_wconf 88' lang='lat'><strong>11.</strong></span> <span class='ocrx_word' id='word_1_47' title='bbox 544 1481 616 1535; x_wconf 86' lang='lat' dir='ltr'><strong>huia</strong></span> <span class='ocrx_word' id='word_1_48' title='bbox 636 1486 734 1534; x_wconf 90' lang='lat' dir='ltr'><strong>autem</strong></span> <span class='ocrx_word' id='word_1_49' title='bbox 752 1498 886 1547; x_wconf 86' lang='lat' dir='ltr'><strong>numera,</strong></span> 
     </span>
    </p>
   </div>
   <div class='ocr_carea' id='block_1_5' title="bbox 346 1568 904 1635">
    <p class='ocr_par' dir='ltr' id='par_1_5' title="bbox 346 1568 904 1635">
     <span class='ocr_line' id='line_1_12' title="bbox 346 1568 904 1635; baseline -0.002 -14"><span class='ocrx_word' id='word_1_50' title='bbox 346 1569 377 1621; x_wconf 90' lang='lat' dir='ltr'><strong>id</strong></span> <span class='ocrx_word' id='word_1_51' title='bbox 405 1571 449 1621; x_wconf 89' lang='lat' dir='ltr'><strong>est</strong></span> <span class='ocrx_word' id='word_1_52' title='bbox 476 1568 654 1634; x_wconf 88' lang='lat' dir='ltr'><strong>septenario,</strong></span> <span class='ocrx_word' id='word_1_53' title='bbox 683 1568 756 1620; x_wconf 89' lang='lat' dir='ltr'><strong>adeo</strong></span> <span class='ocrx_word' id='word_1_54' title='bbox 786 1569 904 1635; x_wconf 82' lang='lat' dir='ltr'><strong>opinio</strong></span> 
     </span>
    </p>
   </div>
   <div class='ocr_carea' id='block_1_6' title="bbox 289 1654 888 2406">
    <p class='ocr_par' dir='ltr' id='par_1_6' title="bbox 289 1654 888 2406">
     <span class='ocr_line' id='line_1_13' title="bbox 346 1654 887 1722; baseline 0.002 -16"><span class='ocrx_word' id='word_1_55' title='bbox 346 1654 529 1719; x_wconf 78' lang='lat' dir='ltr'><strong>virginitatis</strong></span> <span class='ocrx_word' id='word_1_56' title='bbox 555 1654 687 1719; x_wconf 87' lang='lat' dir='ltr'><strong>inolevit,</strong></span> <span class='ocrx_word' id='word_1_57' title='bbox 714 1658 749 1706; x_wconf 90' lang='lat' dir='ltr'><strong>ut</strong></span> <span class='ocrx_word' id='word_1_58' title='bbox 766 1655 887 1722; x_wconf 82' lang='lat' dir='ltr'><strong>Pallas1)</strong></span> 
     </span>
     <span class='ocr_line' id='line_1_14' title="bbox 289 1719 886 1814; baseline 0 -23"><span class='ocrx_word' id='word_1_59' title='bbox 289 1719 296 1736; x_wconf 69' lang='grc'>’</span> <span class='ocrx_word' id='word_1_60' title='bbox 326 1755 466 1806; x_wconf 90' lang='lat' dir='ltr'><strong>·quoque</strong></span> <span class='ocrx_word' id='word_1_61' title='bbox 501 1740 657 1814; x_wconf 65' lang='lat' dir='ltr'><strong>vocitetur.</strong></span> <span class='ocrx_word' id='word_1_62' title='bbox 697 1756 765 1793; x_wconf 86' lang='lat' dir='ltr'><strong>nam</strong></span> <span class='ocrx_word' id='word_1_63' title='bbox 800 1740 886 1806; x_wconf 80' lang='lat' dir='ltr'><strong>virgo</strong></span> 
     </span>
     <span class='ocr_line' id='line_1_15' title="bbox 347 1825 888 1892; baseline 0.004 -16"><span class='ocrx_word' id='word_1_64' title='bbox 347 1825 489 1890; x_wconf 86' lang='lat' dir='ltr'><strong>ereditur,</strong></span> <span class='ocrx_word' id='word_1_65' title='bbox 499 1827 570 1892; x_wconf 90' lang='lat' dir='ltr'><strong>quia</strong></span> <span class='ocrx_word' id='word_1_66' title='bbox 580 1827 699 1878; x_wconf 89' lang='lat' dir='ltr'><strong>nullum</strong></span> <span class='ocrx_word' id='word_1_67' title='bbox 711 1841 749 1880; x_wconf 85' lang='lat' dir='ltr'><strong>ex</strong></span> <span class='ocrx_word' id='word_1_68' title='bbox 764 1841 795 1878; x_wconf 89' lang='lat' dir='ltr'><strong>se</strong></span> <span class='ocrx_word' id='word_1_69' title='bbox 808 1826 888 1892; x_wconf 89' lang='lat' dir='ltr'><strong>parit</strong></span> 
     </span>
     <span class='ocr_line' id='line_1_16' title="bbox 346 1911 887 1979; baseline 0.006 -17"><span class='ocrx_word' id='word_1_70' title='bbox 346 1927 507 1964; x_wconf 90' lang='lat' dir='ltr'><strong>numerum</strong></span> <span class='ocrx_word' id='word_1_71' title='bbox 527 1911 707 1978; x_wconf 84' lang='lat' dir='ltr'><strong>duplicatus,</strong></span> <span class='ocrx_word' id='word_1_72' title='bbox 735 1913 787 1979; x_wconf 90' lang='lat' dir='ltr'><strong>qui</strong></span> <span class='ocrx_word' id='word_1_73' title='bbox 808 1913 887 1965; x_wconf 88' lang='lat' dir='ltr'><strong>intra</strong></span> 
     </span>
     <span class='ocr_line' id='line_1_17' title="bbox 347 1997 886 2066; baseline 0.004 -17"><span class='ocrx_word' id='word_1_74' title='bbox 347 1997 505 2050; x_wconf 89' lang='lat' dir='ltr'><strong>denarium</strong></span> <span class='ocrx_word' id='word_1_75' title='bbox 523 2001 681 2063; x_wconf 79' lang='lat' dir='ltr'><strong>coartetur,</strong></span> <span class='ocrx_word' id='word_1_76' title='bbox 709 2013 799 2066; x_wconf 90' lang='lat' dir='ltr'><strong>quem</strong></span> <span class='ocrx_word' id='word_1_77' title='bbox 824 2000 886 2064; x_wconf 91' lang='lat' dir='ltr'><strong>pri-</strong></span> 
     </span>
     <span class='ocr_line' id='line_1_18' title="bbox 346 2083 886 2138; baseline 0.002 -3"><span class='ocrx_word' id='word_1_78' title='bbox 346 2098 430 2135; x_wconf 87' lang='lat' dir='ltr'><strong>mum</strong></span> <span class='ocrx_word' id='word_1_79' title='bbox 443 2083 569 2136; x_wconf 88' lang='lat' dir='ltr'><strong>limitem</strong></span> <span class='ocrx_word' id='word_1_80' title='bbox 582 2088 696 2137; x_wconf 81' lang='lat' dir='ltr'><strong>constat</strong></span> <span class='ocrx_word' id='word_1_81' title='bbox 708 2099 773 2138; x_wconf 85' lang='lat' dir='ltr'><strong>esse</strong></span> <span class='ocrx_word' id='word_1_82' title='bbox 783 2099 886 2137; x_wconf 90' lang='lat' dir='ltr'><strong>nume-</strong></span> 
     </span>
     <span class='ocr_line' id='line_1_19' title="bbox 346 2170 888 2236; baseline 0.002 -15"><span class='ocrx_word' id='word_1_83' title='bbox 346 2185 461 2222; x_wconf 92' lang='lat' dir='ltr'><strong>rorum:</strong></span> <span class='ocrx_word' id='word_1_84' title='bbox 498 2171 596 2223; x_wconf 86' lang='lat' dir='ltr'><strong>Pallas</strong></span> <span class='ocrx_word' id='word_1_85' title='bbox 631 2171 708 2236; x_wconf 91' lang='lat' dir='ltr'><strong>ideo,</strong></span> <span class='ocrx_word' id='word_1_86' title='bbox 745 2170 814 2236; x_wconf 83' lang='lat' dir='ltr'><strong>quia</strong></span> <span class='ocrx_word' id='word_1_87' title='bbox 849 2186 888 2222; x_wconf 82' lang='lat' dir='ltr'><strong>ex</strong></span> 
     </span>
     <span class='ocr_line' id='line_1_20' title="bbox 346 2255 886 2323; baseline 0 -16"><span class='ocrx_word' id='word_1_88' title='bbox 346 2255 440 2307; x_wconf 89' lang='lat' dir='ltr'><strong>solius</strong></span> <span class='ocrx_word' id='word_1_89' title='bbox 459 2255 595 2309; x_wconf 88' lang='lat' dir='ltr'><strong>monadis</strong></span> <span class='ocrx_word' id='word_1_90' title='bbox 609 2255 676 2309; x_wconf 71' lang='lat' dir='ltr'><strong>‚fetu</strong></span> <span class='ocrx_word' id='word_1_91' title='bbox 695 2259 722 2307; x_wconf 85' lang='lat' dir='ltr'><strong>et</strong></span> <span class='ocrx_word' id='word_1_92' title='bbox 743 2257 886 2323; x_wconf 89' lang='lat' dir='ltr'><strong>multipli-</strong></span> 
     </span>
     <span class='ocr_line' id='line_1_21' title="bbox 347 2341 887 2406; baseline 0.004 -14"><span class='ocrx_word' id='word_1_93' title='bbox 347 2341 462 2392; x_wconf 83' lang='lat' dir='ltr'><strong>catione</strong></span> <span class='ocrx_word' id='word_1_94' title='bbox 480 2342 634 2406; x_wconf 84' lang='lat' dir='ltr'><strong>prooessit,</strong></span> <span class='ocrx_word' id='word_1_95' title='bbox 654 2341 732 2394; x_wconf 89' lang='lat' dir='ltr'><strong>siout</strong></span> <span class='ocrx_word' id='word_1_96' title='bbox 749 2343 887 2394; x_wconf 88' lang='lat' dir='ltr'><strong>Minerva</strong></span> 
     </span>
    </p>
   </div>
   <div class='ocr_carea' id='block_1_7' title="bbox 346 2427 887 2565">
    <p class='ocr_par' dir='ltr' id='par_1_7' title="bbox 346 2427 887 2565">
     <span class='ocr_line' id='line_1_22' title="bbox 346 2427 887 2494; baseline 0.004 -16"><span class='ocrx_word' id='word_1_97' title='bbox 346 2427 408 2478; x_wconf 90' lang='lat' dir='ltr'><strong>sola</strong></span> <span class='ocrx_word' id='word_1_98' title='bbox 436 2443 474 2479; x_wconf 89' lang='lat' dir='ltr'><strong>ex</strong></span> <span class='ocrx_word' id='word_1_99' title='bbox 502 2443 562 2479; x_wconf 91' lang='lat' dir='ltr'><strong>uno</strong></span> <span class='ocrx_word' id='word_1_100' title='bbox 589 2431 712 2494; x_wconf 87' lang='lat' dir='ltr'><strong>parente</strong></span> <span class='ocrx_word' id='word_1_101' title='bbox 737 2432 804 2480; x_wconf 86' lang='lat' dir='ltr'><strong>nata</strong></span> <span class='ocrx_word' id='word_1_102' title='bbox 821 2443 887 2494; x_wconf 91' lang='lat' dir='ltr'><strong>per-</strong></span> 
     </span>
     <span class='ocr_line' id='line_1_23' title="bbox 347 2512 476 2565; baseline 0.008 -1"><span class='ocrx_word' id='word_1_103' title='bbox 347 2512 476 2565; x_wconf 88' lang='lat' dir='ltr'><strong>hibetur.</strong></span> 
     </span>
    </p>
   </div>
   <div class='ocr_carea' id='block_1_8' title="bbox 349 2651 887 2804">
    <p class='ocr_par' dir='ltr' id='par_1_8' title="bbox 349 2651 887 2804">
     <span class='ocr_line' id='line_1_24' title="bbox 381 2651 887 2716; baseline 0.002 -13"><span class='ocrx_word' id='word_1_104' title='bbox 381 2652 404 2715; x_wconf 93' lang='grc' dir='ltr'><strong>Ι,</strong></span> <span class='ocrx_word' id='word_1_105' title='bbox 414 2651 466 2716; x_wconf 92' lang='lat' dir='ltr'><strong>VI,</strong></span> <span class='ocrx_word' id='word_1_106' title='bbox 475 2652 516 2704; x_wconf 87' lang='grc'><strong>36.</strong></span> <span class='ocrx_word' id='word_1_107' title='bbox 563 2665 620 2703; x_wconf 84' lang='lat' dir='ltr'><strong>neo</strong></span> <span class='ocrx_word' id='word_1_108' title='bbox 655 2667 717 2704; x_wconf 93' lang='lat' dir='ltr'><strong>non</strong></span> <span class='ocrx_word' id='word_1_109' title='bbox 753 2652 887 2704; x_wconf 89' lang='lat' dir='ltr'><strong>omnium</strong></span> 
     </span>
     <span class='ocr_line' id='line_1_25' title="bbox 349 2736 886 2804; baseline -0.002 -15"><span class='ocrx_word' id='word_1_110' title='bbox 349 2753 508 2804; x_wconf 83' lang='lat' dir='ltr'><strong>corporum</strong></span> <span class='ocrx_word' id='word_1_111' title='bbox 520 2741 582 2790; x_wconf 90' lang='lat' dir='ltr'><strong>tres</strong></span> <span class='ocrx_word' id='word_1_112' title='bbox 595 2741 666 2789; x_wconf 89' lang='lat' dir='ltr'><strong>sunt</strong></span> <span class='ocrx_word' id='word_1_113' title='bbox 675 2736 886 2800; x_wconf 81' lang='lat' dir='ltr'><strong>dimensiones,</strong></span> 
     </span>
    </p>
   </div>
   <div class='ocr_carea' id='block_1_9' title="bbox 262 2822 886 2890">
    <p class='ocr_par' dir='ltr' id='par_1_9' title="bbox 262 2822 886 2890">
     <span class='ocr_line' id='line_1_26' title="bbox 262 2822 886 2890; baseline -0.002 -15"><span class='ocrx_word' id='word_1_114' title='bbox 262 2857 264 2860; x_wconf 94' lang='lat'>-</span> <span class='ocrx_word' id='word_1_115' title='bbox 347 2824 511 2890; x_wconf 85' lang='lat' dir='ltr'><strong>longitudo,</strong></span> <span class='ocrx_word' id='word_1_116' title='bbox 529 2823 664 2887; x_wconf 89' lang='lat' dir='ltr'><strong>latitudo,</strong></span> <span class='ocrx_word' id='word_1_117' title='bbox 685 2822 886 2888; x_wconf 84' lang='lat' dir='ltr'><strong>profunditas:</strong></span> 
     </span>
    </p>
   </div>
   <div class='ocr_carea' id='block_1_10' title="bbox 347 2908 887 3147">
    <p class='ocr_par' dir='ltr' id='par_1_10' title="bbox 347 2908 887 3147">
     <span class='ocr_line' id='line_1_27' title="bbox 347 2908 886 2962; baseline -0.007 0"><span class='ocrx_word' id='word_1_118' title='bbox 347 2910 470 2962; x_wconf 85' lang='lat' dir='ltr'><strong>termini</strong></span> <span class='ocrx_word' id='word_1_119' title='bbox 488 2909 681 2961; x_wconf 88' lang='lat' dir='ltr'><strong>adnumerato</strong></span> <span class='ocrx_word' id='word_1_120' title='bbox 699 2909 806 2960; x_wconf 85' lang='lat' dir='ltr'><strong>eiseotu</strong></span> <span class='ocrx_word' id='word_1_121' title='bbox 817 2908 886 2959; x_wconf 92' lang='lat' dir='ltr'><strong>ulti·</strong></span> 
     </span>
     <span class='ocr_line' id='line_1_28' title="bbox 348 2993 887 3062; baseline -0.004 -16"><span class='ocrx_word' id='word_1_122' title='bbox 348 3011 396 3046; x_wconf 92' lang='lat' dir='ltr'><strong>mo</strong></span> <span class='ocrx_word' id='word_1_123' title='bbox 437 2998 585 3062; x_wconf 91' lang='lat' dir='ltr'><strong>quattuor,</strong></span> <span class='ocrx_word' id='word_1_124' title='bbox 623 2998 769 3061; x_wconf 84' lang='lat' dir='ltr'><strong>punctum</strong></span> <span class='ocrx_word' id='word_1_125' title='bbox 808 2993 887 3045; x_wconf 85' lang='lat' dir='ltr'><strong>linea</strong></span> 
     </span>
     <span class='ocr_line' id='line_1_29' title="bbox 348 3080 815 3147; baseline -0.002 -14"><span class='ocrx_word' id='word_1_126' title='bbox 348 3081 524 3147; x_wconf 83' lang='lat' dir='ltr'><strong>superficies</strong></span> <span class='ocrx_word' id='word_1_127' title='bbox 544 3080 655 3146; x_wconf 90' lang='lat' dir='ltr'><strong>etipsa</strong></span> <span class='ocrx_word' id='word_1_128' title='bbox 673 3080 815 3133; x_wconf 75' lang='lat' dir='ltr'><strong>soliditas,</strong></span> 
     </span>
    </p>
   </div>
   <div class='ocr_carea' id='block_1_11' title="bbox 347 3214 888 3702">
    <p class='ocr_par' dir='ltr' id='par_1_11' title="bbox 347 3214 888 3702">
     <span class='ocr_line' id='line_1_30' title="bbox 382 3214 888 3285; baseline 0.004 -15"><span class='ocrx_word' id='word_1_129' title='bbox 382 3219 517 3285; x_wconf 81' lang='lat' dir='ltr'><strong>1,V1‚45.</strong></span> <span class='ocrx_word' id='word_1_130' title='bbox 553 3219 602 3272; x_wconf 89' lang='lat' dir='ltr'><strong>hio</strong></span> <span class='ocrx_word' id='word_1_131' title='bbox 632 3233 778 3271; x_wconf 90' lang='lat' dir='ltr'><strong>numerus</strong></span> <span class='ocrx_word' id='word_1_132' title='bbox 808 3214 888 3272; x_wconf 77' lang='grc' dir='ltr'><em>ἑπτάς</em></span> 
     </span>
     <span class='ocr_line' id='line_1_31' title="bbox 348 3305 886 3371; baseline -0.004 -13"><span class='ocrx_word' id='word_1_133' title='bbox 348 3321 430 3358; x_wconf 89' lang='lat' dir='ltr'><strong>nuno</strong></span> <span class='ocrx_word' id='word_1_134' title='bbox 447 3308 571 3358; x_wconf 77' lang='lat' dir='ltr'><strong>vocatur</strong></span> <span class='ocrx_word' id='word_1_135' title='bbox 590 3305 742 3371; x_wconf 89' lang='lat' dir='ltr'><strong>antiquato</strong></span> <span class='ocrx_word' id='word_1_136' title='bbox 756 3319 813 3356; x_wconf 91' lang='lat' dir='ltr'><strong>usu</strong></span> <span class='ocrx_word' id='word_1_137' title='bbox 825 3305 886 3371; x_wconf 88' lang='lat' dir='ltr'><strong>pri·</strong></span> 
     </span>
     <span class='ocr_line' id='line_1_32' title="bbox 347 3390 887 3456; baseline 0.002 -14"><span class='ocrx_word' id='word_1_138' title='bbox 347 3406 412 3443; x_wconf 89' lang='lat' dir='ltr'><strong>mae</strong></span> <span class='ocrx_word' id='word_1_139' title='bbox 429 3390 554 3455; x_wconf 88' lang='lat' dir='ltr'><strong>litterae,</strong></span> <span class='ocrx_word' id='word_1_140' title='bbox 574 3391 655 3456; x_wconf 89' lang='lat' dir='ltr'><strong>apud</strong></span> <span class='ocrx_word' id='word_1_141' title='bbox 673 3393 788 3443; x_wconf 87' lang='lat' dir='ltr'><strong>veteres</strong></span> <span class='ocrx_word' id='word_1_142' title='bbox 807 3392 887 3444; x_wconf 89' lang='lat' dir='ltr'><strong>enim</strong></span> 
     </span>
     <span class='ocr_line' id='line_1_33' title="bbox 347 3475 887 3543; baseline 0.004 -17"><span class='ocrx_word' id='word_1_143' title='bbox 347 3475 443 3530; x_wconf 85' lang='grc' dir='ltr'><em>σεπτάς</em></span> <span class='ocrx_word' id='word_1_144' title='bbox 460 3477 656 3540; x_wconf 81' lang='lat' dir='ltr'><strong>vocitabatur,</strong></span> <span class='ocrx_word' id='word_1_145' title='bbox 675 3476 757 3543; x_wconf 91' lang='lat' dir='ltr'><strong>quod</strong></span> <span class='ocrx_word' id='word_1_146' title='bbox 777 3475 887 3528; x_wconf 81' lang='lat' dir='ltr'><strong>Graeco</strong></span> 
     </span>
     <span class='ocr_line' id='line_1_34' title="bbox 347 3562 887 3616; baseline -0.002 -1"><span class='ocrx_word' id='word_1_147' title='bbox 347 3564 469 3616; x_wconf 87' lang='lat' dir='ltr'><strong>nomine</strong></span> <span class='ocrx_word' id='word_1_148' title='bbox 487 3563 653 3615; x_wconf 88' lang='lat' dir='ltr'><strong>testabatur</strong></span> <span class='ocrx_word' id='word_1_149' title='bbox 666 3562 887 3616; x_wconf 85' lang='lat' dir='ltr'><strong>venerationem</strong></span> 
     </span>
     <span class='ocr_line' id='line_1_35' title="bbox 348 3649 634 3702; baseline -0.003 -1"><span class='ocrx_word' id='word_1_150' title='bbox 348 3649 480 3702; x_wconf 87' lang='lat' dir='ltr'><strong>debitam</strong></span> <span class='ocrx_word' id='word_1_151' title='bbox 499 3663 634 3700; x_wconf 89' lang='lat' dir='ltr'><strong>numero.</strong></span> 
     </span>
    </p>
   </div>
   <div class='ocr_carea' id='block_1_12' title="bbox 938 647 1487 992">
    <p class='ocr_par' dir='ltr' id='par_1_12' title="bbox 938 647 1487 992">
     <span class='ocr_line' id='line_1_36' title="bbox 1139 647 1278 701; baseline 0.014 -2"><span class='ocrx_word' id='word_1_152' title='bbox 1139 647 1278 701; x_wconf 88' lang='lat' dir='ltr'><strong>Anatolii.</strong></span> 
     </span>
     <span class='ocr_line' id='line_1_37' title="bbox 938 746 1487 816; baseline 0.004 -18"><span class='ocrx_word' id='word_1_153' title='bbox 938 751 1027 815; x_wconf 81' lang='grc' dir='ltr'><em>μεῐται</em></span> <span class='ocrx_word' id='word_1_154' title='bbox 1040 747 1067 798; x_wconf 81' lang='grc' dir='ltr'><em>α’</em></span> <span class='ocrx_word' id='word_1_155' title='bbox 1078 747 1106 816; x_wconf 72' lang='grc' dir='ltr'><strong>μ’</strong></span> <span class='ocrx_word' id='word_1_156' title='bbox 1119 748 1155 816; x_wconf 80' lang='grc' dir='ltr'><strong>γ’,</strong></span> <span class='ocrx_word' id='word_1_157' title='bbox 1167 746 1194 800; x_wconf 82' lang='grc' dir='ltr'><strong>-δ</strong></span> <span class='ocrx_word' id='word_1_158' title='bbox 1206 755 1279 802; x_wconf 83' lang='grc' dir='ltr'><em>ποιεῖ</em></span> <span class='ocrx_word' id='word_1_159' title='bbox 1288 749 1333 802; x_wconf 81' lang='grc' dir='ltr'><strong>τὸν</strong></span> <span class='ocrx_word' id='word_1_160' title='bbox 1345 749 1384 808; x_wconf 90' lang='grc' dir='ltr'><strong>ς’·</strong></span> <span class='ocrx_word' id='word_1_161' title='bbox 1409 747 1487 812; x_wconf 79' lang='grc' dir='ltr'><em>ἅπαξ</em></span> 
     </span>
     <span class='ocr_line' id='line_1_38' title="bbox 940 831 1486 905; baseline 0.007 -17"><span class='ocrx_word' id='word_1_162' title='bbox 940 832 965 888; x_wconf 81' lang='grc' dir='ltr'><strong>ς’</strong></span> <span class='ocrx_word' id='word_1_163' title='bbox 985 832 1019 895; x_wconf 81' lang='grc' dir='ltr'><strong>ς’,</strong></span> <span class='ocrx_word' id='word_1_164' title='bbox 1040 831 1080 888; x_wconf 75' lang='grc' dir='ltr'><strong>δὶς</strong></span> <span class='ocrx_word' id='word_1_165' title='bbox 1097 834 1125 902; x_wconf 83' lang='grc' dir='ltr'><strong>γ’</strong></span> <span class='ocrx_word' id='word_1_166' title='bbox 1145 833 1180 899; x_wconf 82' lang='grc' dir='ltr'><strong>ς’,</strong></span> <span class='ocrx_word' id='word_1_167' title='bbox 1199 833 1254 903; x_wconf 80' lang='grc' dir='ltr'><em>τρίς</em></span> <span class='ocrx_word' id='word_1_168' title='bbox 1270 835 1297 904; x_wconf 79' lang='grc' dir='ltr'><strong>β’</strong></span> <span class='ocrx_word' id='word_1_169' title='bbox 1316 837 1351 894; x_wconf 79' lang='grc' dir='ltr'><strong>ς’.</strong></span> <span class='ocrx_word' id='word_1_170' title='bbox 1379 839 1486 905; x_wconf 76' lang='grc' dir='ltr'><em>πρῶτος</em></span> 
     </span>
     <span class='ocr_line' id='line_1_39' title="bbox 939 914 1484 992; baseline 0.017 -24"><span class='ocrx_word' id='word_1_171' title='bbox 939 917 1072 985; x_wconf 87' lang='grc' dir='ltr'><em>σύγκειται</em></span> <span class='ocrx_word' id='word_1_172' title='bbox 1089 914 1118 982; x_wconf 83' lang='grc' dir='ltr'><strong>ἐξ</strong></span> <span class='ocrx_word' id='word_1_173' title='bbox 1135 919 1248 990; x_wconf 77' lang='grc' dir='ltr'><em>ἡμίσεος,</em></span> <span class='ocrx_word' id='word_1_174' title='bbox 1275 922 1369 992; x_wconf 86' lang='grc' dir='ltr'><em>τρίτου,</em></span> <span class='ocrx_word' id='word_1_175' title='bbox 1397 920 1484 977; x_wconf 83' lang='grc' dir='ltr'><em>ἕκτου.</em></span> 
     </span>
    </p>
   </div>
   <div class='ocr_carea' id='block_1_13' title="bbox 939 1485 1484 1904">
    <p class='ocr_par' dir='ltr' id='par_1_13' title="bbox 939 1485 1484 1904">
     <span class='ocr_line' id='line_1_40' title="bbox 961 1485 1484 1559; baseline 0.013 -19"><span class='ocrx_word' id='word_1_176' title='bbox 961 1503 1022 1554; x_wconf 75' lang='lat' dir='ltr'><strong>pg.</strong></span> <span class='ocrx_word' id='word_1_177' title='bbox 1041 1487 1082 1542; x_wconf 85' lang='lat'><strong>35.</strong></span> <span class='ocrx_word' id='word_1_178' title='bbox 1119 1485 1235 1558; x_wconf 80' lang='grc' dir='ltr'><em>ἕβδομάς</em></span> <span class='ocrx_word' id='word_1_179' title='bbox 1251 1491 1318 1559; x_wconf 78' lang='grc' dir='ltr'><em>μόνη</em></span> <span class='ocrx_word' id='word_1_180' title='bbox 1338 1493 1391 1543; x_wconf 79' lang='grc' dir='ltr'><strong>τῶν</strong></span> <span class='ocrx_word' id='word_1_181' title='bbox 1407 1485 1484 1547; x_wconf 78' lang='grc' dir='ltr'><em>ἓντὸς</em></span> 
     </span>
     <span class='ocr_line' id='line_1_41' title="bbox 940 1569 1482 1646; baseline 0.009 -20"><span class='ocrx_word' id='word_1_182' title='bbox 940 1573 1050 1630; x_wconf 86' lang='grc' dir='ltr'><em>δεκάδος</em></span> <span class='ocrx_word' id='word_1_183' title='bbox 1068 1569 1098 1626; x_wconf 90' lang='grc' dir='ltr'><strong>ού</strong></span> <span class='ocrx_word' id='word_1_184' title='bbox 1116 1575 1201 1644; x_wconf 82' lang='grc' dir='ltr'><em>γεννᾷ</em></span> <span class='ocrx_word' id='word_1_185' title='bbox 1218 1571 1281 1628; x_wconf 81' lang='grc' dir='ltr'><em>ούδὲ</em></span> <span class='ocrx_word' id='word_1_186' title='bbox 1296 1579 1423 1646; x_wconf 74' lang='grc' dir='ltr'><strong>γεννᾶται</strong></span> <span class='ocrx_word' id='word_1_187' title='bbox 1435 1577 1482 1630; x_wconf 74' lang='grc' dir='ltr'><strong>ὑπ’</strong></span> 
     </span>
     <span class='ocr_line' id='line_1_42' title="bbox 940 1655 1482 1733; baseline 0.009 -22"><span class='ocrx_word' id='word_1_188' title='bbox 940 1659 1019 1712; x_wconf 82' lang='grc' dir='ltr'><em>ἄλλου</em></span> <span class='ocrx_word' id='word_1_189' title='bbox 1048 1655 1169 1730; x_wconf 70' lang='grc' dir='ltr'><em>άριάμού</em></span> <span class='ocrx_word' id='word_1_190' title='bbox 1195 1661 1264 1726; x_wconf 77' lang='grc' dir='ltr'><em>πλήν</em></span> <span class='ocrx_word' id='word_1_191' title='bbox 1281 1661 1333 1714; x_wconf 76' lang='lat' dir='ltr'><strong>tad</strong></span> <span class='ocrx_word' id='word_1_192' title='bbox 1350 1664 1482 1733; x_wconf 75' lang='grc' dir='ltr'><strong>μονάδος·</strong></span> 
     </span>
     <span class='ocr_line' id='line_1_43' title="bbox 939 1745 1483 1819; baseline 0.011 -21"><span class='ocrx_word' id='word_1_193' title='bbox 939 1745 980 1798; x_wconf 87' lang='grc' dir='ltr'><em>διδ</em></span> <span class='ocrx_word' id='word_1_194' title='bbox 998 1745 1043 1798; x_wconf 82' lang='grc' dir='ltr'><em>καὶ</em></span> <span class='ocrx_word' id='word_1_195' title='bbox 1061 1747 1179 1798; x_wconf 77' lang='grc' dir='ltr'><em>καλεῖται</em></span> <span class='ocrx_word' id='word_1_196' title='bbox 1205 1746 1257 1800; x_wconf 70' lang='lat' dir='ltr'><strong>aiud</strong></span> <span class='ocrx_word' id='word_1_197' title='bbox 1281 1751 1334 1801; x_wconf 80' lang='grc' dir='ltr'><strong>τῶν</strong></span> <span class='ocrx_word' id='word_1_198' title='bbox 1352 1755 1483 1819; x_wconf 70' lang='grc' dir='ltr'><em>Πυθαγο-</em></span> 
     </span>
     <span class='ocr_line' id='line_1_44' title="bbox 939 1828 1313 1904; baseline 0.016 -20"><span class='ocrx_word' id='word_1_199' title='bbox 939 1833 1021 1900; x_wconf 87' lang='grc' dir='ltr'><em>ρείων</em></span> <span class='ocrx_word' id='word_1_200' title='bbox 1038 1828 1176 1900; x_wconf 71' lang='grc' dir='ltr'><em>παρθένος</em></span> <span class='ocrx_word' id='word_1_201' title='bbox 1197 1829 1313 1904; x_wconf 74' lang='grc' dir='ltr'><em>άμὴτωρ.</em></span> 
     </span>
    </p>
   </div>
   <div class='ocr_carea' id='block_1_14' title="bbox 937 2648 1482 3151">
    <p class='ocr_par' dir='ltr' id='par_1_14' title="bbox 937 2648 1482 3151">
     <span class='ocr_line' id='line_1_45' title="bbox 973 2648 1482 2721; baseline 0.002 -20"><span class='ocrx_word' id='word_1_202' title='bbox 973 2648 1008 2702; x_wconf 86' lang='grc' dir='ltr'><strong>ἔτι</strong></span> <span class='ocrx_word' id='word_1_203' title='bbox 1034 2648 1150 2721; x_wconf 73' lang='grc' dir='ltr'><em>ἑμδομάς</em></span> <span class='ocrx_word' id='word_1_204' title='bbox 1176 2649 1208 2705; x_wconf 78' lang='grc' dir='ltr'><strong>ὲκ</strong></span> <span class='ocrx_word' id='word_1_205' title='bbox 1233 2651 1286 2704; x_wconf 74' lang='grc' dir='ltr'><strong>τῶν</strong></span> <span class='ocrx_word' id='word_1_206' title='bbox 1316 2650 1482 2704; x_wconf 73' lang='grc' dir='ltr'><em>διαστάσεων</em></span> 
     </span>
     <span class='ocr_line' id='line_1_46' title="bbox 938 2735 1481 2806; baseline 0.007 -20"><span class='ocrx_word' id='word_1_207' title='bbox 938 2735 984 2786; x_wconf 84' lang='grc' dir='ltr'><em>καὶ</em></span> <span class='ocrx_word' id='word_1_208' title='bbox 1010 2738 1064 2788; x_wconf 78' lang='grc' dir='ltr'><strong>τῶν</strong></span> <span class='ocrx_word' id='word_1_209' title='bbox 1088 2737 1225 2806; x_wconf 79' lang='grc' dir='ltr'><em>τεσσάρων</em></span> <span class='ocrx_word' id='word_1_210' title='bbox 1251 2737 1374 2806; x_wconf 76' lang='grc' dir='ltr'><em>περάτων</em></span> <span class='ocrx_word' id='word_1_211' title='bbox 1402 2755 1481 2790; x_wconf 89' lang='grc' dir='ltr'><em>συνε-</em></span> 
     </span>
     <span class='ocr_line' id='line_1_47' title="bbox 938 2809 1482 2893; baseline 0.006 -20"><span class='ocrx_word' id='word_1_212' title='bbox 938 2823 1026 2873; x_wconf 80' lang='grc' dir='ltr'><em>στῶσα</em></span> <span class='ocrx_word' id='word_1_213' title='bbox 1045 2822 1162 2877; x_wconf 88' lang='grc' dir='ltr'><em>δείκνυσι</em></span> <span class='ocrx_word' id='word_1_214' title='bbox 1180 2825 1259 2893; x_wconf 78' lang='grc' dir='ltr'><em>σῶμα</em></span> <span class='ocrx_word' id='word_1_215' title='bbox 1271 2822 1316 2875; x_wconf 86' lang='grc' dir='ltr'><em>καὶ</em></span> <span class='ocrx_word' id='word_1_216' title='bbox 1329 2809 1356 2874; x_wconf 65' lang='lat' dir='ltr'><strong>ro*</strong></span> <span class='ocrx_word' id='word_1_217' title='bbox 1370 2819 1482 2892; x_wconf 82' lang='grc' dir='ltr'><em>ὀργανι-</em></span> 
     </span>
     <span class='ocr_line' id='line_1_48' title="bbox 939 2905 1481 2979; baseline 0.009 -20"><span class='ocrx_word' id='word_1_218' title='bbox 939 2908 998 2959; x_wconf 83' lang='grc' dir='ltr'><em>κόν’</em></span> <span class='ocrx_word' id='word_1_219' title='bbox 1026 2905 1128 2977; x_wconf 74' lang='grc' dir='ltr'><strong>στέροιτο</strong></span> <span class='ocrx_word' id='word_1_220' title='bbox 1145 2907 1198 2978; x_wconf 81' lang='grc' dir='ltr'><em>μὲν</em></span> <span class='ocrx_word' id='word_1_221' title='bbox 1216 2915 1334 2978; x_wconf 81' lang='grc' dir='ltr'><em>σημεῖον,</em></span> <span class='ocrx_word' id='word_1_222' title='bbox 1358 2908 1481 2979; x_wconf 81' lang='grc' dir='ltr'><em>γραμμή.</em></span> 
     </span>
     <span class='ocr_line' id='line_1_49' title="bbox 938 2989 1481 3063; baseline -0.004 -15"><span class='ocrx_word' id='word_1_223' title='bbox 938 2989 1093 3062; x_wconf 80' lang='grc' dir='ltr'><em>ἐπιφάνεια,</em></span> <span class='ocrx_word' id='word_1_224' title='bbox 1129 2993 1225 3063; x_wconf 80' lang='grc' dir='ltr'><strong>πάχος,</strong></span> <span class='ocrx_word' id='word_1_225' title='bbox 1266 2994 1412 3050; x_wconf 70' lang='grc' dir='ltr'><em>διαστάσεις</em></span> <span class='ocrx_word' id='word_1_226' title='bbox 1450 2994 1481 3047; x_wconf 82' lang='grc' dir='ltr'><strong>δὲ</strong></span> 
     </span>
     <span class='ocr_line' id='line_1_50' title="bbox 937 3081 1265 3151; baseline 0.012 -19"><span class='ocrx_word' id='word_1_227' title='bbox 937 3082 1028 3150; x_wconf 79' lang='grc' dir='ltr'><em>μῆκος,</em></span> <span class='ocrx_word' id='word_1_228' title='bbox 1048 3082 1150 3146; x_wconf 79' lang='grc' dir='ltr'><strong>πλάτος,</strong></span> <span class='ocrx_word' id='word_1_229' title='bbox 1168 3081 1265 3151; x_wconf 70' lang='grc' dir='ltr'><em>βάθος·</em></span> 
     </span>
    </p>
   </div>
   <div class='ocr_carea' id='block_1_15' title="bbox 938 3216 1482 3721">
    <p class='ocr_par' dir='ltr' id='par_1_15' title="bbox 938 3216 1482 3721">
     <span class='ocr_line' id='line_1_51' title="bbox 974 3216 1481 3290; baseline -0.002 -20"><span class='ocrx_word' id='word_1_230' title='bbox 974 3220 1068 3273; x_wconf 90' lang='lat' dir='ltr'><strong>Philo.</strong></span> <span class='ocrx_word' id='word_1_231' title='bbox 1082 3220 1119 3272; x_wconf 90' lang='lat' dir='ltr'><strong>de</strong></span> <span class='ocrx_word' id='word_1_232' title='bbox 1132 3235 1178 3288; x_wconf 89' lang='lat' dir='ltr'><strong>op.</strong></span> <span class='ocrx_word' id='word_1_233' title='bbox 1195 3235 1245 3287; x_wconf 82' lang='lat' dir='ltr'><strong>pg.</strong></span> <span class='ocrx_word' id='word_1_234' title='bbox 1259 3219 1335 3283; x_wconf 84' lang='lat'><strong>47,1.</strong></span> <span class='ocrx_word' id='word_1_235' title='bbox 1372 3216 1414 3270; x_wconf 81' lang='grc' dir='ltr'><em>διό</em></span> <span class='ocrx_word' id='word_1_236' title='bbox 1434 3238 1481 3290; x_wconf 85' lang='grc' dir='ltr'><em>μοι</em></span> 
     </span>
     <span class='ocr_line' id='line_1_52' title="bbox 939 3301 1481 3375; baseline 0.002 -20"><span class='ocrx_word' id='word_1_237' title='bbox 939 3303 1064 3356; x_wconf 80' lang='grc' dir='ltr'><em>δοκοῦσιν</em></span> <span class='ocrx_word' id='word_1_238' title='bbox 1086 3305 1112 3357; x_wconf 85' lang='grc' dir='ltr'><strong>οἱ</strong></span> <span class='ocrx_word' id='word_1_239' title='bbox 1132 3303 1163 3358; x_wconf 87' lang='grc' dir='ltr'><strong>τά</strong></span> <span class='ocrx_word' id='word_1_240' title='bbox 1185 3301 1304 3373; x_wconf 80' lang='grc' dir='ltr'><em>ὀνόματα</em></span> <span class='ocrx_word' id='word_1_241' title='bbox 1322 3311 1375 3360; x_wconf 86' lang='grc' dir='ltr'><em>τοῖς</em></span> <span class='ocrx_word' id='word_1_242' title='bbox 1392 3305 1481 3375; x_wconf 82' lang='grc' dir='ltr'><em>πράγ-</em></span> 
     </span>
     <span class='ocr_line' id='line_1_53' title="bbox 938 3385 1482 3460; baseline 0.004 -19"><span class='ocrx_word' id='word_1_243' title='bbox 938 3407 1022 3460; x_wconf 93' lang='grc' dir='ltr'><em>μασιν</em></span> <span class='ocrx_word' id='word_1_244' title='bbox 1047 3385 1076 3452; x_wconf 86' lang='grc' dir='ltr'><strong>ἑξ</strong></span> <span class='ocrx_word' id='word_1_245' title='bbox 1102 3385 1189 3460; x_wconf 77' lang='grc' dir='ltr'><em>ἀρχῆς</em></span> <span class='ocrx_word' id='word_1_246' title='bbox 1208 3385 1418 3460; x_wconf 76' lang='grc' dir='ltr'><em>ἐπιφημίσαντες</em></span> <span class='ocrx_word' id='word_1_247' title='bbox 1436 3389 1482 3444; x_wconf 80' lang='grc' dir='ltr'><strong>ἅτε</strong></span> 
     </span>
     <span class='ocr_line' id='line_1_54' title="bbox 939 3473 1482 3546; baseline 0.002 -20"><span class='ocrx_word' id='word_1_248' title='bbox 939 3474 1020 3544; x_wconf 81' lang='grc' dir='ltr'><em>σοφοὶ</em></span> <span class='ocrx_word' id='word_1_249' title='bbox 1049 3473 1161 3528; x_wconf 80' lang='grc' dir='ltr'><em>καλέσαι</em></span> <span class='ocrx_word' id='word_1_250' title='bbox 1188 3478 1233 3530; x_wconf 87' lang='grc' dir='ltr'><strong>τδν</strong></span> <span class='ocrx_word' id='word_1_251' title='bbox 1263 3475 1384 3546; x_wconf 73' lang='grc' dir='ltr'><em>άριθμδν</em></span> <span class='ocrx_word' id='word_1_252' title='bbox 1414 3476 1482 3531; x_wconf 75' lang='grc' dir='ltr'><em>ἑπτά</em></span> 
     </span>
     <span class='ocr_line' id='line_1_55' title="bbox 939 3559 1480 3634; baseline 0.004 -22"><span class='ocrx_word' id='word_1_253' title='bbox 939 3560 994 3613; x_wconf 70' lang='lat' dir='ltr'><strong>dno*</strong></span> <span class='ocrx_word' id='word_1_254' title='bbox 1021 3564 1066 3614; x_wconf 82' lang='grc' dir='ltr'><strong>τού</strong></span> <span class='ocrx_word' id='word_1_255' title='bbox 1093 3562 1156 3631; x_wconf 82' lang='grc' dir='ltr'><em>περὶ</em></span> <span class='ocrx_word' id='word_1_256' title='bbox 1183 3559 1263 3616; x_wconf 86' lang='grc' dir='ltr'><em>αύτὸν</em></span> <span class='ocrx_word' id='word_1_257' title='bbox 1280 3566 1417 3634; x_wconf 77' lang='grc' dir='ltr'><em>σεβασμοῦ</em></span> <span class='ocrx_word' id='word_1_258' title='bbox 1434 3564 1480 3615; x_wconf 85' lang='grc' dir='ltr'><em>καί</em></span> 
     </span>
     <span class='ocr_line' id='line_1_56' title="bbox 938 3648 1482 3721; baseline -0.002 -19"><span class='ocrx_word' id='word_1_259' title='bbox 938 3649 982 3712; x_wconf 78' lang='grc' dir='ltr'><em>τῆς</em></span> <span class='ocrx_word' id='word_1_260' title='bbox 999 3648 1147 3718; x_wconf 77' lang='grc' dir='ltr'><em>προσούσης</em></span> <span class='ocrx_word' id='word_1_261' title='bbox 1164 3649 1329 3720; x_wconf 79' lang='grc' dir='ltr'><em>σεμνότητος·</em></span> <span class='ocrx_word' id='word_1_262' title='bbox 1363 3656 1482 3721; x_wconf 86' lang='grc' dir='ltr'><em>Ρωμαῖοι</em></span> 
     </span>
    </p>
   </div>
   <div class='ocr_carea' id='block_1_16' title="bbox 347 3853 1483 4442">
    <p class='ocr_par' dir='ltr' id='par_1_16' title="bbox 347 3853 1483 4442">
     <span class='ocr_line' id='line_1_57' title="bbox 435 3853 1481 3927; baseline 0.003 -19"><span class='ocrx_word' id='word_1_263' title='bbox 435 3857 453 3923; x_wconf 73' lang='lat'><strong>¹)</strong></span> <span class='ocrx_word' id='word_1_264' title='bbox 472 3858 553 3909; x_wconf 82' lang='lat' dir='ltr'><strong>Theo</strong></span> <span class='ocrx_word' id='word_1_265' title='bbox 571 3871 619 3924; x_wconf 84' lang='lat' dir='ltr'><strong>pg.</strong></span> <span class='ocrx_word' id='word_1_266' title='bbox 632 3857 689 3920; x_wconf 75' lang='lat' dir='ltr'><strong>tae,</strong></span> <span class='ocrx_word' id='word_1_267' title='bbox 699 3859 726 3910; x_wconf 85' lang='lat'><strong>3:</strong></span> <span class='ocrx_word' id='word_1_268' title='bbox 749 3855 790 3908; x_wconf 83' lang='grc' dir='ltr'><em>διδ</em></span> <span class='ocrx_word' id='word_1_269' title='bbox 804 3855 850 3908; x_wconf 86' lang='grc' dir='ltr'><em>καί</em></span> <span class='ocrx_word' id='word_1_270' title='bbox 864 3853 960 3921; x_wconf 71' lang='grc' dir='ltr'><em>Ἀθηνᾶ</em></span> <span class='ocrx_word' id='word_1_271' title='bbox 973 3855 1026 3910; x_wconf 78' lang='lat' dir='ltr'><strong>tat</strong></span> <span class='ocrx_word' id='word_1_272' title='bbox 1038 3859 1090 3910; x_wconf 77' lang='grc' dir='ltr'><strong>τῶν</strong></span> <span class='ocrx_word' id='word_1_273' title='bbox 1105 3860 1301 3927; x_wconf 74' lang='grc' dir='ltr'><em>Πυθαγορικῶν</em></span> <span class='ocrx_word' id='word_1_274' title='bbox 1313 3853 1464 3912; x_wconf 78' lang='grc' dir='ltr'><em>ἐκαλεῖτο..</em></span> <span class='ocrx_word' id='word_1_275' title='bbox 1476 3900 1481 3911; x_wconf 93' lang='grc'>.</span> 
     </span>
     <span class='ocr_line' id='line_1_58' title="bbox 349 3942 1482 4012; baseline 0.004 -16"><span class='ocrx_word' id='word_1_276' title='bbox 349 3946 450 3996; x_wconf 82' lang='lat' dir='ltr'><strong>confer</strong></span> <span class='ocrx_word' id='word_1_277' title='bbox 477 3942 575 3996; x_wconf 83' lang='lat' dir='ltr'><strong>Chala.</strong></span> <span class='ocrx_word' id='word_1_278' title='bbox 602 3959 650 4010; x_wconf 86' lang='lat' dir='ltr'><strong>pg.</strong></span> <span class='ocrx_word' id='word_1_279' title='bbox 673 3943 781 4007; x_wconf 84' lang='grc'><strong>102,10.</strong></span> <span class='ocrx_word' id='word_1_280' title='bbox 826 3944 912 3997; x_wconf 89' lang='lat' dir='ltr'><strong>Alex.</strong></span> <span class='ocrx_word' id='word_1_281' title='bbox 940 3945 971 3997; x_wconf 91' lang='lat' dir='ltr'><strong>in</strong></span> <span class='ocrx_word' id='word_1_282' title='bbox 999 3944 1128 4010; x_wconf 88' lang='lat' dir='ltr'><strong>Metaph.</strong></span> <span class='ocrx_word' id='word_1_283' title='bbox 1155 3959 1203 4010; x_wconf 74' lang='lat' dir='ltr'><strong>pg.</strong></span> <span class='ocrx_word' id='word_1_284' title='bbox 1224 3945 1293 4009; x_wconf 83' lang='lat'><strong>39,4</strong></span> <span class='ocrx_word' id='word_1_285' title='bbox 1320 3945 1482 4012; x_wconf 78' lang='lat' dir='ltr'><strong>Hayduolr:</strong></span> 
     </span>
     <span class='ocr_line' id='line_1_59' title="bbox 348 4027 1482 4101; baseline 0.004 -21"><span class='ocrx_word' id='word_1_286' title='bbox 348 4030 455 4093; x_wconf 87' lang='lat' dir='ltr'><strong>David,</strong></span> <span class='ocrx_word' id='word_1_287' title='bbox 474 4029 589 4095; x_wconf 80' lang='lat' dir='ltr'><strong>Proleg.</strong></span> <span class='ocrx_word' id='word_1_288' title='bbox 602 4028 708 4094; x_wconf 78' lang='lat' dir='ltr'><strong>philos</strong></span> <span class='ocrx_word' id='word_1_289' title='bbox 720 4045 769 4095; x_wconf 84' lang='lat' dir='ltr'><strong>pg.</strong></span> <span class='ocrx_word' id='word_1_290' title='bbox 783 4029 825 4094; x_wconf 78' lang='lat'><strong>53,</strong></span> <span class='ocrx_word' id='word_1_291' title='bbox 834 4030 867 4082; x_wconf 79' lang='lat'><strong>21</strong></span> <span class='ocrx_word' id='word_1_292' title='bbox 887 4031 995 4082; x_wconf 86' lang='lat' dir='ltr'><strong>Busse:</strong></span> <span class='ocrx_word' id='word_1_293' title='bbox 1012 4027 1113 4092; x_wconf 74' lang='grc' dir='ltr'><em>Ἀθηνᾶ</em></span> <span class='ocrx_word' id='word_1_294' title='bbox 1132 4027 1163 4088; x_wconf 78' lang='grc' dir='ltr'><strong>δὲ</strong></span> <span class='ocrx_word' id='word_1_295' title='bbox 1180 4027 1283 4098; x_wconf 74' lang='grc' dir='ltr'><em>λέγεται</em></span> <span class='ocrx_word' id='word_1_296' title='bbox 1301 4029 1327 4095; x_wconf 78' lang='grc' dir='ltr'><strong>(ἦ</strong></span> <span class='ocrx_word' id='word_1_297' title='bbox 1346 4028 1482 4101; x_wconf 80' lang='grc' dir='ltr'><em>ἑβδομάς),</em></span> 
     </span>
     <span class='ocr_line' id='line_1_60' title="bbox 347 4111 1483 4187; baseline 0.003 -21"><span class='ocrx_word' id='word_1_298' title='bbox 347 4113 439 4176; x_wconf 73' lang='grc' dir='ltr'><em>ἐπειδή</em></span> <span class='ocrx_word' id='word_1_299' title='bbox 466 4111 557 4180; x_wconf 78' lang='grc' dir='ltr'><em>ὥσπερ</em></span> <span class='ocrx_word' id='word_1_300' title='bbox 583 4113 750 4180; x_wconf 78' lang='grc' dir='ltr'><em>μυθεύουσιν</em></span> <span class='ocrx_word' id='word_1_301' title='bbox 774 4114 822 4177; x_wconf 78' lang='grc' dir='ltr'><em>τήν</em></span> <span class='ocrx_word' id='word_1_302' title='bbox 844 4113 963 4177; x_wconf 76' lang='grc' dir='ltr'><em>Ἀθηνᾶν</em></span> <span class='ocrx_word' id='word_1_303' title='bbox 987 4112 1129 4183; x_wconf 77' lang='grc' dir='ltr'><em>παρθένον</em></span> <span class='ocrx_word' id='word_1_304' title='bbox 1151 4111 1222 4182; x_wconf 62' lang='grc' dir='ltr'><em>είναι</em></span> <span class='ocrx_word' id='word_1_305' title='bbox 1240 4116 1285 4168; x_wconf 85' lang='grc' dir='ltr'><em>καί</em></span> <span class='ocrx_word' id='word_1_306' title='bbox 1304 4113 1424 4187; x_wconf 81' lang='grc' dir='ltr'><em>α’μὴτορα</em></span> <span class='ocrx_word' id='word_1_307' title='bbox 1443 4113 1483 4186; x_wconf 83' lang='grc' dir='ltr'><strong>(ἑκ</strong></span> 
     </span>
     <span class='ocr_line' id='line_1_61' title="bbox 347 4195 1482 4271; baseline 0.004 -19"><span class='ocrx_word' id='word_1_308' title='bbox 347 4205 389 4264; x_wconf 70' lang='grc' dir='ltr'><strong>τῆς</strong></span> <span class='ocrx_word' id='word_1_309' title='bbox 406 4201 526 4270; x_wconf 78' lang='grc' dir='ltr'><em>κεφαλῆς</em></span> <span class='ocrx_word' id='word_1_310' title='bbox 542 4199 595 4268; x_wconf 83' lang='grc' dir='ltr'><em>γάρ</em></span> <span class='ocrx_word' id='word_1_311' title='bbox 613 4200 659 4251; x_wconf 79' lang='grc' dir='ltr'><strong>τοῦ</strong></span> <span class='ocrx_word' id='word_1_312' title='bbox 677 4199 744 4266; x_wconf 78' lang='grc' dir='ltr'><em>Διός,</em></span> <span class='ocrx_word' id='word_1_313' title='bbox 765 4200 800 4255; x_wconf 79' lang='grc' dir='ltr'><strong>ὠς</strong></span> <span class='ocrx_word' id='word_1_314' title='bbox 816 4201 990 4270; x_wconf 75' lang='grc' dir='ltr'><em>μυθεύουσιν,</em></span> <span class='ocrx_word' id='word_1_315' title='bbox 1009 4195 1123 4268; x_wconf 74' lang='grc' dir='ltr'><strong>ἐξῆλθε),</strong></span> <span class='ocrx_word' id='word_1_316' title='bbox 1149 4201 1194 4256; x_wconf 87' lang='grc' dir='ltr'><strong>τδν</strong></span> <span class='ocrx_word' id='word_1_317' title='bbox 1223 4198 1303 4255; x_wconf 82' lang='grc' dir='ltr'><em>αύτδν</em></span> <span class='ocrx_word' id='word_1_318' title='bbox 1321 4202 1418 4271; x_wconf 86' lang='grc' dir='ltr'><em>τρόπον</em></span> <span class='ocrx_word' id='word_1_319' title='bbox 1435 4203 1482 4256; x_wconf 85' lang='grc' dir='ltr'><em>καί</em></span> 
     </span>
     <span class='ocr_line' id='line_1_62' title="bbox 347 4281 1483 4360; baseline 0.002 -20"><span class='ocrx_word' id='word_1_320' title='bbox 347 4288 361 4345; x_wconf 82' lang='grc' dir='ltr'>ὁ</span> <span class='ocrx_word' id='word_1_321' title='bbox 380 4285 446 4340; x_wconf 78' lang='grc' dir='ltr'><em>ἑπτά</em></span> <span class='ocrx_word' id='word_1_322' title='bbox 465 4286 583 4358; x_wconf 67' lang='grc' dir='ltr'><em>ἀριθμός</em></span> <span class='ocrx_word' id='word_1_323' title='bbox 599 4288 681 4360; x_wconf 86' lang='grc' dir='ltr'><em>μόνος</em></span> <span class='ocrx_word' id='word_1_324' title='bbox 699 4283 729 4342; x_wconf 82' lang='grc' dir='ltr'><strong>ἑκ</strong></span> <span class='ocrx_word' id='word_1_325' title='bbox 747 4290 799 4341; x_wconf 76' lang='grc' dir='ltr'><em>τοῖν</em></span> <span class='ocrx_word' id='word_1_326' title='bbox 818 4288 902 4340; x_wconf 88' lang='grc' dir='ltr'><em>ὄντων</em></span> <span class='ocrx_word' id='word_1_327' title='bbox 919 4281 992 4342; x_wconf 79' lang='grc' dir='ltr'><em>ε’ντδς</em></span> <span class='ocrx_word' id='word_1_328' title='bbox 1009 4290 1052 4352; x_wconf 76' lang='grc' dir='ltr'><strong>τῆς</strong></span> <span class='ocrx_word' id='word_1_329' title='bbox 1074 4288 1185 4344; x_wconf 81' lang='grc' dir='ltr'><em>δεκάδος</em></span> <span class='ocrx_word' id='word_1_330' title='bbox 1206 4288 1264 4342; x_wconf 84' lang='grc' dir='ltr'><em>οὔτε</em></span> <span class='ocrx_word' id='word_1_331' title='bbox 1286 4290 1395 4344; x_wconf 81' lang='grc' dir='ltr'><em>τίκτεται</em></span> <span class='ocrx_word' id='word_1_332' title='bbox 1415 4291 1483 4343; x_wconf 82' lang='grc' dir='ltr'><em>κατά</em></span> 
     </span>
     <span class='ocr_line' id='line_1_63' title="bbox 348 4369 1185 4442; baseline 0.005 -18"><span class='ocrx_word' id='word_1_333' title='bbox 348 4374 601 4441; x_wconf 77' lang='grc' dir='ltr'><em>πολλαπλασιασμὸν</em></span> <span class='ocrx_word' id='word_1_334' title='bbox 619 4369 647 4434; x_wconf 83' lang='grc' dir='ltr'><strong>ἑξ</strong></span> <span class='ocrx_word' id='word_1_335' title='bbox 666 4375 746 4426; x_wconf 68' lang='lat' dir='ltr'><strong>tillon</strong></span> <span class='ocrx_word' id='word_1_336' title='bbox 766 4371 887 4442; x_wconf 76' lang='grc' dir='ltr'><em>άριθμοῦ</em></span> <span class='ocrx_word' id='word_1_337' title='bbox 906 4373 964 4426; x_wconf 81' lang='grc' dir='ltr'><em>οὔτε</em></span> <span class='ocrx_word' id='word_1_338' title='bbox 983 4375 1060 4428; x_wconf 80' lang='grc' dir='ltr'><em>τίκτει</em></span> <span class='ocrx_word' id='word_1_339' title='bbox 1094 4394 1117 4428; x_wconf 88' lang='grc' dir='ltr'><strong>κ.</strong></span> <span class='ocrx_word' id='word_1_340' title='bbox 1130 4394 1151 4428; x_wconf 86' lang='grc' dir='ltr'><strong>τ.</strong></span> <span class='ocrx_word' id='word_1_341' title='bbox 1163 4377 1185 4428; x_wconf 80' lang='grc' dir='ltr'><strong>λ.</strong></span> 
     </span>
    </p>
   </div>
   <div class='ocr_carea' id='block_1_17' title="bbox 0 0 1616 5166">
    <p class='ocr_par' dir='ltr' id='par_1_17' title="bbox 0 0 1616 5166">
     <span class='ocr_line' id='line_1_64' title="bbox 0 0 1616 5166; baseline 0 0"><span class='ocrx_word' id='word_1_342' title='bbox 0 0 1616 5166; x_wconf 95' lang='lat' dir='ltr'><strong> </strong></span> 
     </span>
    </p>
   </div>
  </div>
 </body>
</html>
