<?xml version="1.0" encoding="UTF-8"?>
<!DOCTYPE html PUBLIC "-//W3C//DTD XHTML 1.0 Transitional//EN"
    "http://www.w3.org/TR/xhtml1/DTD/xhtml1-transitional.dtd">
<html xmlns="http://www.w3.org/1999/xhtml" xml:lang="en" lang="en">
 <head>
  <title>
</title>
<meta http-equiv="Content-Type" content="text/html;charset=utf-8" />
  <meta name='ocr-system' content='tesseract 3.04.00' />
  <meta name='ocr-capabilities' content='ocr_page ocr_carea ocr_par ocr_line ocrx_word'/>
</head>
<body>
  <div class='ocr_page' id='page_1' title='image "./deanatoliifonti01borggoog_0034.png"; bbox 0 0 3222 5166; ppageno 0'>
   <div class='ocr_carea' id='block_1_1' title="bbox 604 504 817 563">
    <p class='ocr_par' dir='ltr' id='par_1_1' title="bbox 604 504 817 563">
     <span class='ocr_line' id='line_1_1' title="bbox 604 504 817 563; baseline 0.009 -21"><span class='ocrx_word' id='word_1_1' title='bbox 604 504 817 563; x_wconf 56' lang='lat'><strong>„27-</strong></span> 
     </span>
    </p>
   </div>
   <div class='ocr_carea' id='block_1_2' title="bbox 140 684 690 3172">
    <p class='ocr_par' dir='ltr' id='par_1_2' title="bbox 140 684 690 3172">
     <span class='ocr_line' id='line_1_2' title="bbox 334 684 489 739; baseline -0.013 0"><span class='ocrx_word' id='word_1_2' title='bbox 334 684 489 739; x_wconf 79' lang='lat' dir='ltr'><strong>ehalcidu.</strong></span> 
     </span>
     <span class='ocr_line' id='line_1_3' title="bbox 141 787 680 855; baseline -0.002 -15"><span class='ocrx_word' id='word_1_3' title='bbox 141 787 342 855; x_wconf 90' lang='lat' dir='ltr'><strong>omnibusque</strong></span> <span class='ocrx_word' id='word_1_4' title='bbox 369 804 407 841; x_wconf 84' lang='lat' dir='ltr'><strong>cx</strong></span> <span class='ocrx_word' id='word_1_5' title='bbox 433 803 464 840; x_wconf 86' lang='lat' dir='ltr'><strong>se</strong></span> <span class='ocrx_word' id='word_1_6' title='bbox 483 788 680 841; x_wconf 80' lang='lat' dir='ltr'><strong>substantiam</strong></span> 
     </span>
     <span class='ocr_line' id='line_1_4' title="bbox 140 873 349 927; baseline 0.01 -3"><span class='ocrx_word' id='word_1_7' title='bbox 140 873 349 927; x_wconf 81' lang='lat' dir='ltr'><strong>subministret</strong></span> 
     </span>
     <span class='ocr_line' id='line_1_5' title="bbox 323 959 680 1027; baseline 0 -16"><span class='ocrx_word' id='word_1_8' title='bbox 323 959 514 1027; x_wconf 82' lang='lat' dir='ltr'><strong>rationesque</strong></span> <span class='ocrx_word' id='word_1_9' title='bbox 532 964 593 1012; x_wconf 89' lang='lat' dir='ltr'><strong>tam</strong></span> <span class='ocrx_word' id='word_1_10' title='bbox 611 960 680 1012; x_wconf 91' lang='lat' dir='ltr'><strong>sim-</strong></span> 
     </span>
     <span class='ocr_line' id='line_1_6' title="bbox 142 1045 682 1112; baseline 0 -15"><span class='ocrx_word' id='word_1_11' title='bbox 142 1045 237 1111; x_wconf 88' lang='lat' dir='ltr'><strong>plices</strong></span> <span class='ocrx_word' id='word_1_12' title='bbox 273 1060 363 1111; x_wconf 89' lang='lat' dir='ltr'><strong>quam</strong></span> <span class='ocrx_word' id='word_1_13' title='bbox 398 1045 581 1112; x_wconf 80' lang='lat' dir='ltr'><strong>multiplices</strong></span> <span class='ocrx_word' id='word_1_14' title='bbox 616 1045 682 1111; x_wconf 86' lang='lat' dir='ltr'><strong>ipsa</strong></span> 
     </span>
     <span class='ocr_line' id='line_1_7' title="bbox 143 1129 681 1196; baseline 0 -14"><span class='ocrx_word' id='word_1_15' title='bbox 143 1131 299 1196; x_wconf 89' lang='lat' dir='ltr'><strong>contineat,</strong></span> <span class='ocrx_word' id='word_1_16' title='bbox 335 1129 442 1183; x_wconf 86' lang='lat' dir='ltr'><strong>ceteris</strong></span> <span class='ocrx_word' id='word_1_17' title='bbox 471 1131 607 1184; x_wconf 87' lang='lat' dir='ltr'><strong>numeris</strong></span> <span class='ocrx_word' id='word_1_18' title='bbox 636 1131 681 1182; x_wconf 92' lang='lat' dir='ltr'><strong>iu-</strong></span> 
     </span>
     <span class='ocr_line' id='line_1_8' title="bbox 143 1215 682 1285; baseline 0 -17"><span class='ocrx_word' id='word_1_19' title='bbox 143 1216 304 1269; x_wconf 88' lang='lat' dir='ltr'><strong>crementis</strong></span> <span class='ocrx_word' id='word_1_20' title='bbox 367 1215 682 1285; x_wconf 87' lang='lat' dir='ltr'><strong>inminutionibusque</strong></span> 
     </span>
     <span class='ocr_line' id='line_1_9' title="bbox 142 1302 684 1369; baseline 0 -15"><span class='ocrx_word' id='word_1_21' title='bbox 142 1302 263 1354; x_wconf 85' lang='lat' dir='ltr'><strong>mutatis</strong></span> <span class='ocrx_word' id='word_1_22' title='bbox 285 1306 374 1369; x_wconf 90' lang='lat' dir='ltr'><strong>atque</strong></span> <span class='ocrx_word' id='word_1_23' title='bbox 392 1316 431 1354; x_wconf 85' lang='lat' dir='ltr'><strong>ex</strong></span> <span class='ocrx_word' id='word_1_24' title='bbox 442 1304 565 1369; x_wconf 84' lang='lat' dir='ltr'><strong>propria</strong></span> <span class='ocrx_word' id='word_1_25' title='bbox 577 1307 684 1356; x_wconf 80' lang='lat' dir='ltr'><strong>natura</strong></span> 
     </span>
     <span class='ocr_line' id='line_1_10' title="bbox 142 1387 683 1452; baseline 0.002 -13"><span class='ocrx_word' id='word_1_26' title='bbox 142 1387 364 1452; x_wconf 67' lang='lat' dir='ltr'><strong>recedentibus</strong></span> <span class='ocrx_word' id='word_1_27' title='bbox 403 1387 466 1439; x_wconf 89' lang='lat' dir='ltr'><strong>sola</strong></span> <span class='ocrx_word' id='word_1_28' title='bbox 503 1388 683 1441; x_wconf 89' lang='lat' dir='ltr'><strong>inconcusso</strong></span> 
     </span>
     <span class='ocr_line' id='line_1_11' title="bbox 143 1473 682 1540; baseline -0.002 -14"><span class='ocrx_word' id='word_1_29' title='bbox 143 1475 211 1527; x_wconf 88' lang='lat' dir='ltr'><strong>iure</strong></span> <span class='ocrx_word' id='word_1_30' title='bbox 229 1478 274 1527; x_wconf 89' lang='lat' dir='ltr'><strong>est</strong></span> <span class='ocrx_word' id='word_1_31' title='bbox 291 1476 380 1540; x_wconf 84' lang='lat' dir='ltr'><strong>atque</strong></span> <span class='ocrx_word' id='word_1_32' title='bbox 397 1473 430 1525; x_wconf 89' lang='lat' dir='ltr'><strong>in</strong></span> <span class='ocrx_word' id='word_1_33' title='bbox 449 1476 525 1525; x_wconf 88' lang='lat' dir='ltr'><strong>statu</strong></span> <span class='ocrx_word' id='word_1_34' title='bbox 544 1488 598 1525; x_wconf 84' lang='lat' dir='ltr'><strong>suo</strong></span> <span class='ocrx_word' id='word_1_35' title='bbox 617 1488 682 1539; x_wconf 89' lang='lat' dir='ltr'><strong>per·</strong></span> 
     </span>
     <span class='ocr_line' id='line_1_12' title="bbox 143 1560 683 1625; baseline 0 -14"><span class='ocrx_word' id='word_1_36' title='bbox 143 1562 261 1612; x_wconf 84' lang='lat' dir='ltr'><strong>severat</strong></span> <span class='ocrx_word' id='word_1_37' title='bbox 281 1573 400 1625; x_wconf 87' lang='lat' dir='ltr'><strong>semper</strong></span> <span class='ocrx_word' id='word_1_38' title='bbox 426 1560 539 1624; x_wconf 84' lang='lat' dir='ltr'><strong>eadem,</strong></span> <span class='ocrx_word' id='word_1_39' title='bbox 565 1573 683 1625; x_wconf 89' lang='lat' dir='ltr'><strong>semper</strong></span> 
     </span>
     <span class='ocr_line' id='line_1_13' title="bbox 143 1644 406 1698; baseline 0 -1"><span class='ocrx_word' id='word_1_40' title='bbox 143 1644 341 1698; x_wconf 85' lang='lat' dir='ltr'><strong>immutabilis</strong></span> <span class='ocrx_word' id='word_1_41' title='bbox 359 1682 386 1697; x_wconf 91' lang='lat'><strong>..</strong></span> <span class='ocrx_word' id='word_1_42' title='bbox 400 1685 406 1697; x_wconf 92' lang='lat'>.</span> 
     </span>
     <span class='ocr_line' id='line_1_14' title="bbox 178 1730 684 1797; baseline 0 -15"><span class='ocrx_word' id='word_1_43' title='bbox 178 1746 228 1797; x_wconf 82' lang='lat' dir='ltr'><strong>pg.</strong></span> <span class='ocrx_word' id='word_1_44' title='bbox 248 1731 306 1795; x_wconf 84' lang='lat'><strong>103,</strong></span> <span class='ocrx_word' id='word_1_45' title='bbox 315 1731 357 1784; x_wconf 83' lang='lat'><strong>22.</strong></span> <span class='ocrx_word' id='word_1_46' title='bbox 383 1745 492 1783; x_wconf 88' lang='lat' dir='ltr'><strong>rursus</strong></span> <span class='ocrx_word' id='word_1_47' title='bbox 520 1730 601 1784; x_wconf 91' lang='lat' dir='ltr'><strong>enim</strong></span> <span class='ocrx_word' id='word_1_48' title='bbox 628 1730 684 1783; x_wconf 87' lang='lat' dir='ltr'><strong>tria</strong></span> 
     </span>
     <span class='ocr_line' id='line_1_15' title="bbox 144 1801 684 1884; baseline -0.002 -15"><span class='ocrx_word' id='word_1_49' title='bbox 144 1831 291 1869; x_wconf 85' lang='lat' dir='ltr'><strong>numerus</strong></span> <span class='ocrx_word' id='word_1_50' title='bbox 321 1817 378 1869; x_wconf 86' lang='lat' dir='ltr'><strong>alio</strong></span> <span class='ocrx_word' id='word_1_51' title='bbox 409 1801 539 1883; x_wconf 80' lang='lat' dir='ltr'><strong>quodem</strong></span> <span class='ocrx_word' id='word_1_52' title='bbox 573 1831 684 1884; x_wconf 85' lang='lat' dir='ltr'><strong>genere</strong></span> 
     </span>
     <span class='ocr_line' id='line_1_16' title="bbox 145 1901 685 1969; baseline -0.002 -14"><span class='ocrx_word' id='word_1_53' title='bbox 145 1902 273 1955; x_wconf 86' lang='lat' dir='ltr'><strong>habetur</strong></span> <span class='ocrx_word' id='word_1_54' title='bbox 294 1902 433 1969; x_wconf 91' lang='lat' dir='ltr'><strong>optimus.</strong></span> <span class='ocrx_word' id='word_1_55' title='bbox 460 1901 577 1968; x_wconf 90' lang='lat' dir='ltr'><strong>primus</strong></span> <span class='ocrx_word' id='word_1_56' title='bbox 604 1902 685 1955; x_wconf 88' lang='lat' dir='ltr'><strong>enim</strong></span> 
     </span>
     <span class='ocr_line' id='line_1_17' title="bbox 145 1989 685 2055; baseline -0.002 -14"><span class='ocrx_word' id='word_1_57' title='bbox 145 1994 175 2041; x_wconf 87' lang='lat' dir='ltr'><strong>ct</strong></span> <span class='ocrx_word' id='word_1_58' title='bbox 209 1991 276 2042; x_wconf 86' lang='lat' dir='ltr'><strong>ante</strong></span> <span class='ocrx_word' id='word_1_59' title='bbox 307 2003 409 2041; x_wconf 89' lang='lat' dir='ltr'><strong>omnes</strong></span> <span class='ocrx_word' id='word_1_60' title='bbox 443 1989 595 2055; x_wconf 82' lang='lat' dir='ltr'><strong>perfectus</strong></span> <span class='ocrx_word' id='word_1_61' title='bbox 632 1991 685 2052; x_wconf 88' lang='lat' dir='ltr'><strong>est,</strong></span> 
     </span>
     <span class='ocr_line' id='line_1_18' title="bbox 146 2073 684 2138; baseline 0 -12"><span class='ocrx_word' id='word_1_62' title='bbox 146 2073 260 2127; x_wconf 81' lang='lat' dir='ltr'><strong>hebens</strong></span> <span class='ocrx_word' id='word_1_63' title='bbox 278 2074 408 2138; x_wconf 90' lang='lat' dir='ltr'><strong>initium,</strong></span> <span class='ocrx_word' id='word_1_64' title='bbox 426 2073 526 2138; x_wconf 88' lang='lat' dir='ltr'><strong>finem,</strong></span> <span class='ocrx_word' id='word_1_65' title='bbox 544 2074 684 2126; x_wconf 84' lang='lat' dir='ltr'><strong>medieta-</strong></span> 
     </span>
     <span class='ocr_line' id='line_1_19' title="bbox 145 2159 687 2227; baseline 0.002 -15"><span class='ocrx_word' id='word_1_66' title='bbox 145 2165 214 2224; x_wconf 88' lang='lat' dir='ltr'><strong>tem,</strong></span> <span class='ocrx_word' id='word_1_67' title='bbox 233 2159 345 2227; x_wconf 85' lang='lat' dir='ltr'><strong>quibus</strong></span> <span class='ocrx_word' id='word_1_68' title='bbox 364 2163 503 2214; x_wconf 88' lang='lat' dir='ltr'><strong>crescunt</strong></span> <span class='ocrx_word' id='word_1_69' title='bbox 521 2175 646 2227; x_wconf 85' lang='lat' dir='ltr'><strong>corpora</strong></span> <span class='ocrx_word' id='word_1_70' title='bbox 659 2163 687 2213; x_wconf 92' lang='lat' dir='ltr'><strong>et</strong></span> 
     </span>
     <span class='ocr_line' id='line_1_20' title="bbox 145 2245 687 2313; baseline 0 -16"><span class='ocrx_word' id='word_1_71' title='bbox 145 2245 231 2298; x_wconf 85' lang='lat' dir='ltr'><strong>iuxta</strong></span> <span class='ocrx_word' id='word_1_72' title='bbox 249 2259 325 2312; x_wconf 83' lang='lat' dir='ltr'><strong>quae</strong></span> <span class='ocrx_word' id='word_1_73' title='bbox 343 2259 485 2313; x_wconf 86' lang='lat' dir='ltr'><strong>corporea</strong></span> <span class='ocrx_word' id='word_1_74' title='bbox 501 2246 687 2298; x_wconf 81' lang='lat' dir='ltr'><strong>incrementa</strong></span> 
     </span>
     <span class='ocr_line' id='line_1_21' title="bbox 146 2331 686 2399; baseline 0 -16"><span class='ocrx_word' id='word_1_75' title='bbox 146 2331 393 2399; x_wconf 83' lang='lat' dir='ltr'><strong>progrediuntur:</strong></span> <span class='ocrx_word' id='word_1_76' title='bbox 403 2332 686 2399; x_wconf 87' lang='lat' dir='ltr'><strong>quippeouminter-</strong></span> 
     </span>
     <span class='ocr_line' id='line_1_22' title="bbox 146 2416 686 2482; baseline 0 -12"><span class='ocrx_word' id='word_1_77' title='bbox 146 2417 261 2470; x_wconf 78' lang='lat' dir='ltr'><strong>vallum</strong></span> <span class='ocrx_word' id='word_1_78' title='bbox 278 2431 374 2469; x_wconf 90' lang='lat' dir='ltr'><strong>unum</strong></span> <span class='ocrx_word' id='word_1_79' title='bbox 386 2416 498 2470; x_wconf 85' lang='lat' dir='ltr'><strong>lineam</strong></span> <span class='ocrx_word' id='word_1_80' title='bbox 511 2418 608 2482; x_wconf 83' lang='lat' dir='ltr'><strong>faciat,</strong></span> <span class='ocrx_word' id='word_1_81' title='bbox 627 2416 686 2471; x_wconf 92' lang='lat' dir='ltr'><strong>duo</strong></span> 
     </span>
     <span class='ocr_line' id='line_1_23' title="bbox 147 2503 685 2570; baseline -0.002 -14"><span class='ocrx_word' id='word_1_82' title='bbox 147 2503 347 2570; x_wconf 87' lang='lat' dir='ltr'><strong>superficiem,</strong></span> <span class='ocrx_word' id='word_1_83' title='bbox 376 2503 433 2555; x_wconf 86' lang='lat' dir='ltr'><strong>tria</strong></span> <span class='ocrx_word' id='word_1_84' title='bbox 465 2519 575 2570; x_wconf 88' lang='lat' dir='ltr'><strong>eorpus</strong></span> <span class='ocrx_word' id='word_1_85' title='bbox 608 2503 685 2556; x_wconf 89' lang='lat' dir='ltr'><strong>indi-</strong></span> 
     </span>
     <span class='ocr_line' id='line_1_24' title="bbox 147 2589 686 2658; baseline -0.002 -15"><span class='ocrx_word' id='word_1_86' title='bbox 147 2589 248 2643; x_wconf 85' lang='lat' dir='ltr'><strong>visum</strong></span> <span class='ocrx_word' id='word_1_87' title='bbox 275 2593 364 2658; x_wconf 85' lang='lat' dir='ltr'><strong>atque</strong></span> <span class='ocrx_word' id='word_1_88' title='bbox 394 2589 597 2654; x_wconf 86' lang='lat' dir='ltr'><strong>individuum,</strong></span> <span class='ocrx_word' id='word_1_89' title='bbox 628 2605 686 2658; x_wconf 91' lang='lat' dir='ltr'><strong>quo</strong></span> 
     </span>
     <span class='ocr_line' id='line_1_25' title="bbox 147 2675 687 2742; baseline -0.004 -14"><span class='ocrx_word' id='word_1_90' title='bbox 147 2676 225 2728; x_wconf 90' lang='lat' dir='ltr'><strong>nihil</strong></span> <span class='ocrx_word' id='word_1_91' title='bbox 252 2680 296 2728; x_wconf 89' lang='lat' dir='ltr'><strong>est</strong></span> <span class='ocrx_word' id='word_1_92' title='bbox 321 2675 493 2742; x_wconf 81' lang='lat' dir='ltr'><strong>perfectius,</strong></span> <span class='ocrx_word' id='word_1_93' title='bbox 522 2675 580 2728; x_wconf 82' lang='lat' dir='ltr'><strong>tria</strong></span> <span class='ocrx_word' id='word_1_94' title='bbox 606 2675 687 2727; x_wconf 89' lang='lat' dir='ltr'><strong>enim</strong></span> 
     </span>
     <span class='ocr_line' id='line_1_26' title="bbox 148 2761 686 2828; baseline 0.002 -15"><span class='ocrx_word' id='word_1_95' title='bbox 148 2761 221 2815; x_wconf 84' lang='lat' dir='ltr'><strong>haec</strong></span> <span class='ocrx_word' id='word_1_96' title='bbox 229 2761 387 2815; x_wconf 85' lang='lat' dir='ltr'><strong>intervalla</strong></span> <span class='ocrx_word' id='word_1_97' title='bbox 397 2777 506 2828; x_wconf 85' lang='lat' dir='ltr'><strong>corpus</strong></span> <span class='ocrx_word' id='word_1_98' title='bbox 515 2761 686 2814; x_wconf 80' lang='lat' dir='ltr'><strong>absolvunt:</strong></span> 
     </span>
     <span class='ocr_line' id='line_1_27' title="bbox 147 2846 686 2915; baseline -0.002 -15"><span class='ocrx_word' id='word_1_99' title='bbox 147 2847 313 2915; x_wconf 76' lang='lat' dir='ltr'><strong>longitudo,</strong></span> <span class='ocrx_word' id='word_1_100' title='bbox 363 2848 497 2912; x_wconf 84' lang='lat' dir='ltr'><strong>latitudo,</strong></span> <span class='ocrx_word' id='word_1_101' title='bbox 545 2846 686 2900; x_wconf 86' lang='lat' dir='ltr'><strong>soliditas.</strong></span> 
     </span>
     <span class='ocr_line' id='line_1_28' title="bbox 149 2933 689 3000; baseline -0.007 -12"><span class='ocrx_word' id='word_1_102' title='bbox 149 2933 234 2988; x_wconf 85' lang='lat' dir='ltr'><strong>Oerte</strong></span> <span class='ocrx_word' id='word_1_103' title='bbox 261 2935 319 2986; x_wconf 85' lang='lat' dir='ltr'><strong>tria</strong></span> <span class='ocrx_word' id='word_1_104' title='bbox 344 2935 486 3000; x_wconf 89' lang='lat' dir='ltr'><strong>primitus</strong></span> <span class='ocrx_word' id='word_1_105' title='bbox 514 2933 593 2986; x_wconf 87' lang='lat' dir='ltr'><strong>dicta</strong></span> <span class='ocrx_word' id='word_1_106' title='bbox 617 2936 689 2986; x_wconf 88' lang='lat' dir='ltr'><strong>sunt</strong></span> 
     </span>
     <span class='ocr_line' id='line_1_29' title="bbox 149 3018 690 3088; baseline -0.004 -16"><span class='ocrx_word' id='word_1_107' title='bbox 149 3020 261 3083; x_wconf 69' lang='lat' dir='ltr'><strong>omnia,</strong></span> <span class='ocrx_word' id='word_1_108' title='bbox 297 3019 378 3088; x_wconf 88' lang='lat' dir='ltr'><strong>quod</strong></span> <span class='ocrx_word' id='word_1_109' title='bbox 409 3018 446 3072; x_wconf 90' lang='lat' dir='ltr'><strong>de</strong></span> <span class='ocrx_word' id='word_1_110' title='bbox 479 3019 598 3072; x_wconf 89' lang='lat' dir='ltr'><strong>duobus</strong></span> <span class='ocrx_word' id='word_1_111' title='bbox 629 3018 690 3072; x_wconf 87' lang='lat' dir='ltr'><strong>dici</strong></span> 
     </span>
     <span class='ocr_line' id='line_1_30' title="bbox 149 3109 333 3172; baseline 0.005 -14"><span class='ocrx_word' id='word_1_112' title='bbox 149 3120 210 3158; x_wconf 92' lang='lat' dir='ltr'><strong>non</strong></span> <span class='ocrx_word' id='word_1_113' title='bbox 228 3109 333 3172; x_wconf 87' lang='lat' dir='ltr'><strong>potest.</strong></span> 
     </span>
    </p>
   </div>
   <div class='ocr_carea' id='block_1_3' title="bbox 732 687 1277 1114">
    <p class='ocr_par' dir='ltr' id='par_1_3' title="bbox 732 687 1277 1114">
     <span class='ocr_line' id='line_1_31' title="bbox 939 687 1079 739; baseline 0.007 -1"><span class='ocrx_word' id='word_1_114' title='bbox 939 687 1079 739; x_wconf 84' lang='lat' dir='ltr'><strong>Anatolii.</strong></span> 
     </span>
     <span class='ocr_line' id='line_1_32' title="bbox 732 781 1276 859; baseline 0.007 -20"><span class='ocrx_word' id='word_1_115' title='bbox 732 785 763 839; x_wconf 71' lang='grc' dir='ltr'><strong>δὲ</strong></span> <span class='ocrx_word' id='word_1_116' title='bbox 789 786 834 839; x_wconf 76' lang='grc' dir='ltr'><strong>ὕπ’</strong></span> <span class='ocrx_word' id='word_1_117' title='bbox 862 781 978 842; x_wconf 75' lang='grc' dir='ltr'><strong>οὐδενός.</strong></span> <span class='ocrx_word' id='word_1_118' title='bbox 1006 787 1046 840; x_wconf 74' lang='grc' dir='ltr'><strong>διό</strong></span> <span class='ocrx_word' id='word_1_119' title='bbox 1069 790 1187 842; x_wconf 83' lang='grc' dir='ltr'><em>καλεῖται</em></span> <span class='ocrx_word' id='word_1_120' title='bbox 1210 793 1276 859; x_wconf 78' lang='grc' dir='ltr'><strong>γονή</strong></span> 
     </span>
     <span class='ocr_line' id='line_1_33' title="bbox 732 866 1098 944; baseline 0 -18"><span class='ocrx_word' id='word_1_121' title='bbox 732 871 781 937; x_wconf 73' lang='grc' dir='ltr'><strong>ὕλη</strong></span> <span class='ocrx_word' id='word_1_122' title='bbox 799 866 867 926; x_wconf 83' lang='grc' dir='ltr'><em>οὖσα</em></span> <span class='ocrx_word' id='word_1_123' title='bbox 885 876 939 925; x_wconf 74' lang='grc' dir='ltr'><strong>τῶν</strong></span> <span class='ocrx_word' id='word_1_124' title='bbox 957 869 1098 944; x_wconf 70' lang='grc' dir='ltr'>ἀριθμῶν·</span> 
     </span>
     <span class='ocr_line' id='line_1_34' title="bbox 767 957 1277 1033; baseline 0.01 -22"><span class='ocrx_word' id='word_1_125' title='bbox 767 958 804 1012; x_wconf 84' lang='grc' dir='ltr'><strong>ἔτι</strong></span> <span class='ocrx_word' id='word_1_126' title='bbox 912 961 1031 1030; x_wconf 76' lang='grc' dir='ltr'><em>περισσή,</em></span> <span class='ocrx_word' id='word_1_127' title='bbox 1065 957 1151 1031; x_wconf 73' lang='grc' dir='ltr'><em>ἀρτία,</em></span> <span class='ocrx_word' id='word_1_128' title='bbox 1189 957 1277 1033; x_wconf 72' lang='grc' dir='ltr'><em>ἄρτιο-</em></span> 
     </span>
     <span class='ocr_line' id='line_1_35' title="bbox 735 1042 1099 1114; baseline 0.014 -17"><span class='ocrx_word' id='word_1_129' title='bbox 735 1042 971 1114; x_wconf 55' lang='lat' dir='ltr'><strong>adolescentibus.</strong></span> <span class='ocrx_word' id='word_1_130' title='bbox 1007 1065 1030 1101; x_wconf 90' lang='grc' dir='ltr'><strong>κ.</strong></span> <span class='ocrx_word' id='word_1_131' title='bbox 1044 1065 1063 1101; x_wconf 87' lang='grc' dir='ltr'><strong>τ.</strong></span> <span class='ocrx_word' id='word_1_132' title='bbox 1077 1048 1099 1103; x_wconf 79' lang='grc' dir='ltr'><strong>λ.</strong></span> 
     </span>
    </p>
   </div>
   <div class='ocr_carea' id='block_1_4' title="bbox 736 1385 1278 1636">
    <p class='ocr_par' dir='ltr' id='par_1_4' title="bbox 736 1385 1278 1636">
     <span class='ocr_line' id='line_1_36' title="bbox 771 1385 1278 1464; baseline 0.012 -22"><span class='ocrx_word' id='word_1_133' title='bbox 771 1385 927 1461; x_wconf 76' lang='grc' dir='ltr'><em>ἀδιαίρετος,</em></span> <span class='ocrx_word' id='word_1_134' title='bbox 947 1391 1107 1460; x_wconf 76' lang='grc' dir='ltr'><em>ἀδιάβλητος,</em></span> <span class='ocrx_word' id='word_1_135' title='bbox 1129 1393 1166 1464; x_wconf 75' lang='grc' dir='ltr'><em>μή</em></span> <span class='ocrx_word' id='word_1_136' title='bbox 1177 1388 1278 1457; x_wconf 80' lang='grc' dir='ltr'><strong><em>ἐξιστα-</em></strong></span> 
     </span>
     <span class='ocr_line' id='line_1_37' title="bbox 736 1474 1278 1550; baseline 0.007 -22"><span class='ocrx_word' id='word_1_137' title='bbox 736 1474 804 1546; x_wconf 64' lang='lat' dir='ltr'><strong>pem</strong></span> <span class='ocrx_word' id='word_1_138' title='bbox 823 1475 854 1530; x_wconf 79' lang='grc' dir='ltr'><strong>δὲ</strong></span> <span class='ocrx_word' id='word_1_139' title='bbox 870 1481 913 1542; x_wconf 78' lang='grc' dir='ltr'><strong>τῆς</strong></span> <span class='ocrx_word' id='word_1_140' title='bbox 932 1478 1025 1544; x_wconf 73' lang='grc' dir='ltr'><em>ἑαυτῆς</em></span> <span class='ocrx_word' id='word_1_141' title='bbox 1047 1479 1154 1548; x_wconf 74' lang='grc' dir='ltr'><em>φύσεως</em></span> <span class='ocrx_word' id='word_1_142' title='bbox 1176 1477 1278 1550; x_wconf 55' lang='grc' dir='ltr'><em>μηδὲν</em></span> 
     </span>
     <span class='ocr_line' id='line_1_38' title="bbox 736 1564 988 1636; baseline 0.02 -22"><span class='ocrx_word' id='word_1_143' title='bbox 736 1564 988 1636; x_wconf 49' lang='lat' dir='ltr'><strong>renitentemque]</strong></span> 
     </span>
    </p>
   </div>
   <div class='ocr_carea' id='block_1_5' title="bbox 736 1909 1280 2151">
    <p class='ocr_par' dir='ltr' id='par_1_5' title="bbox 736 1909 1280 2151">
     <span class='ocr_line' id='line_1_39' title="bbox 771 1909 1278 1977; baseline 0.004 -15"><span class='ocrx_word' id='word_1_144' title='bbox 771 1923 820 1974; x_wconf 84' lang='lat' dir='ltr'><strong>pg.</strong></span> <span class='ocrx_word' id='word_1_145' title='bbox 839 1910 880 1962; x_wconf 87' lang='lat'><strong>31.</strong></span> <span class='ocrx_word' id='word_1_146' title='bbox 913 1909 986 1977; x_wconf 68' lang='lat' dir='ltr'><strong>apale</strong></span> <span class='ocrx_word' id='word_1_147' title='bbox 1087 1909 1205 1962; x_wconf 73' lang='grc' dir='ltr'><em>καλεῖται</em></span> <span class='ocrx_word' id='word_1_148' title='bbox 1233 1909 1278 1964; x_wconf 77' lang='grc' dir='ltr'><strong>ὕπ’</strong></span> 
     </span>
     <span class='ocr_line' id='line_1_40' title="bbox 736 1991 1280 2065; baseline -0.004 -18"><span class='ocrx_word' id='word_1_149' title='bbox 736 1992 820 2047; x_wconf 78' lang='grc' dir='ltr'>ὲνίων</span> <span class='ocrx_word' id='word_1_150' title='bbox 836 1991 938 2060; x_wconf 76' lang='grc' dir='ltr'><strong><em>τέλειος,</em></strong></span> <span class='ocrx_word' id='word_1_151' title='bbox 966 1993 1004 2049; x_wconf 79' lang='grc' dir='ltr'><strong>ὅτι</strong></span> <span class='ocrx_word' id='word_1_152' title='bbox 1023 1995 1126 2065; x_wconf 79' lang='grc' dir='ltr'><em>πρῶτος</em></span> <span class='ocrx_word' id='word_1_153' title='bbox 1142 1995 1174 2048; x_wconf 73' lang='grc' dir='ltr'><strong>τά</strong></span> <span class='ocrx_word' id='word_1_154' title='bbox 1192 1996 1280 2048; x_wconf 81' lang='grc' dir='ltr'><em>πάντα</em></span> 
     </span>
     <span class='ocr_line' id='line_1_41' title="bbox 737 2076 1278 2151; baseline 0.015 -22"><span class='ocrx_word' id='word_1_155' title='bbox 737 2079 862 2147; x_wconf 76' lang='grc' dir='ltr'><em>σημαίνει</em></span> <span class='ocrx_word' id='word_1_156' title='bbox 880 2076 970 2150; x_wconf 65' lang='grc' dir='ltr'><em>ἀρχήν</em></span> <span class='ocrx_word' id='word_1_157' title='bbox 987 2080 1033 2132; x_wconf 80' lang='grc' dir='ltr'><strong>καὶ</strong></span> <span class='ocrx_word' id='word_1_158' title='bbox 1045 2079 1130 2151; x_wconf 78' lang='grc' dir='ltr'><em>μέσον</em></span> <span class='ocrx_word' id='word_1_159' title='bbox 1143 2079 1188 2133; x_wconf 81' lang='grc' dir='ltr'>καί</span> <span class='ocrx_word' id='word_1_160' title='bbox 1200 2079 1278 2137; x_wconf 76' lang='grc' dir='ltr'><em>τέλος.</em></span> 
     </span>
    </p>
   </div>
   <div class='ocr_carea' id='block_1_6' title="bbox 739 2769 1282 3099">
    <p class='ocr_par' dir='ltr' id='par_1_6' title="bbox 739 2769 1282 2924">
     <span class='ocr_line' id='line_1_42' title="bbox 773 2769 1282 2838; baseline 0.006 -15"><span class='ocrx_word' id='word_1_161' title='bbox 773 2785 822 2836; x_wconf 83' lang='lat' dir='ltr'><strong>pg.</strong></span> <span class='ocrx_word' id='word_1_162' title='bbox 840 2771 874 2823; x_wconf 83' lang='lat'><strong>35</strong></span> <span class='ocrx_word' id='word_1_163' title='bbox 904 2770 971 2836; x_wconf 85' lang='lat' dir='ltr'><strong>(sub</strong></span> <span class='ocrx_word' id='word_1_164' title='bbox 1002 2771 1096 2838; x_wconf 81' lang='lat' dir='ltr'><strong>sept).</strong></span> <span class='ocrx_word' id='word_1_165' title='bbox 1136 2769 1282 2827; x_wconf 70' lang='lat' dir='ltr'><strong>demordeas</strong></span> 
     </span>
     <span class='ocr_line' id='line_1_43' title="bbox 739 2854 1061 2924; baseline 0.016 -20"><span class='ocrx_word' id='word_1_166' title='bbox 739 2855 829 2922; x_wconf 79' lang='grc' dir='ltr'><strong><em>μῆκος,</em></strong></span> <span class='ocrx_word' id='word_1_167' title='bbox 849 2854 951 2921; x_wconf 76' lang='grc' dir='ltr'><em>πλάτος,</em></span> <span class='ocrx_word' id='word_1_168' title='bbox 969 2856 1061 2924; x_wconf 72' lang='grc' dir='ltr'><strong><em>βάθος.</em></strong></span> 
     </span>
    </p>

    <p class='ocr_par' dir='ltr' id='par_1_7' title="bbox 740 2939 1282 3099">
     <span class='ocr_line' id='line_1_44' title="bbox 774 2939 1282 3010; baseline 0.002 -17"><span class='ocrx_word' id='word_1_169' title='bbox 774 2958 823 3010; x_wconf 85' lang='lat' dir='ltr'><strong>pg.</strong></span> <span class='ocrx_word' id='word_1_170' title='bbox 842 2940 884 2993; x_wconf 80' lang='lat'><strong>51.</strong></span> <span class='ocrx_word' id='word_1_171' title='bbox 911 2943 1094 2996; x_wconf 81' lang='grc' dir='ltr'><strong><em>καλεῖται...</em></strong></span> <span class='ocrx_word' id='word_1_172' title='bbox 1113 2939 1215 3007; x_wconf 73' lang='grc' dir='ltr'><strong><em>τέλειος,</em></strong></span> <span class='ocrx_word' id='word_1_173' title='bbox 1244 2939 1282 2994; x_wconf 80' lang='grc' dir='ltr'><strong>ὅτι</strong></span> 
     </span>
     <span class='ocr_line' id='line_1_45' title="bbox 740 3025 1228 3099; baseline 0.006 -21"><span class='ocrx_word' id='word_1_174' title='bbox 740 3029 843 3094; x_wconf 77' lang='grc' dir='ltr'><em>πρῶτος</em></span> <span class='ocrx_word' id='word_1_175' title='bbox 858 3025 890 3077; x_wconf 74' lang='grc' dir='ltr'><strong>τά</strong></span> <span class='ocrx_word' id='word_1_176' title='bbox 908 3028 996 3080; x_wconf 78' lang='grc' dir='ltr'><em>πάντα</em></span> <span class='ocrx_word' id='word_1_177' title='bbox 1014 3028 1164 3099; x_wconf 67' lang='grc' dir='ltr'>σημαίνειῐ)</span> <span class='ocrx_word' id='word_1_178' title='bbox 1183 3067 1228 3082; x_wconf 88' lang='grc'><strong>...</strong></span> 
     </span>
    </p>
   </div>
   <div class='ocr_carea' id='block_1_7' title="bbox 182 3190 758 3261">
    <p class='ocr_par' dir='ltr' id='par_1_8' title="bbox 182 3190 758 3261">
     <span class='ocr_line' id='line_1_46' title="bbox 182 3190 758 3261; baseline -0.007 -15"><span class='ocrx_word' id='word_1_179' title='bbox 182 3208 232 3261; x_wconf 81' lang='lat' dir='ltr'><strong>pg.</strong></span> <span class='ocrx_word' id='word_1_180' title='bbox 250 3193 309 3257; x_wconf 88' lang='grc'>101,</span> <span class='ocrx_word' id='word_1_181' title='bbox 319 3192 343 3244; x_wconf 85' lang='grc'><strong>7.</strong></span> <span class='ocrx_word' id='word_1_182' title='bbox 369 3190 487 3244; x_wconf 89' lang='lat' dir='ltr'><strong>Deinde</strong></span> <span class='ocrx_word' id='word_1_183' title='bbox 499 3191 557 3243; x_wconf 86' lang='grc'>1111</span> <span class='ocrx_word' id='word_1_184' title='bbox 569 3205 690 3258; x_wconf 89' lang='lat' dir='ltr'><strong>quoque</strong></span> <span class='ocrx_word' id='word_1_185' title='bbox 755 3250 758 3257; x_wconf 27' lang='lat'>¹</span> 
     </span>
    </p>
   </div>
   <div class='ocr_carea' id='block_1_8' title="bbox 149 3276 692 4207">
    <p class='ocr_par' dir='ltr' id='par_1_9' title="bbox 149 3276 692 4207">
     <span class='ocr_line' id='line_1_47' title="bbox 149 3276 690 3346; baseline -0.006 -15"><span class='ocrx_word' id='word_1_186' title='bbox 149 3278 314 3346; x_wconf 76' lang='lat' dir='ltr'><strong>septenarii</strong></span> <span class='ocrx_word' id='word_1_187' title='bbox 356 3277 478 3331; x_wconf 91' lang='lat' dir='ltr'><strong>numeri</strong></span> <span class='ocrx_word' id='word_1_188' title='bbox 520 3276 690 3343; x_wconf 83' lang='lat' dir='ltr'><strong>proprietas</strong></span> 
     </span>
     <span class='ocr_line' id='line_1_48' title="bbox 150 3362 689 3431; baseline -0.007 -14"><span class='ocrx_word' id='word_1_189' title='bbox 150 3364 369 3429; x_wconf 84' lang='lat' dir='ltr'><strong>consideratur,</strong></span> <span class='ocrx_word' id='word_1_190' title='bbox 396 3378 487 3431; x_wconf 81' lang='lat' dir='ltr'><strong>quem</strong></span> <span class='ocrx_word' id='word_1_191' title='bbox 515 3362 608 3415; x_wconf 88' lang='lat' dir='ltr'><strong>ceteri</strong></span> <span class='ocrx_word' id='word_1_192' title='bbox 633 3376 689 3413; x_wconf 91' lang='lat' dir='ltr'><strong>nu-</strong></span> 
     </span>
     <span class='ocr_line' id='line_1_49' title="bbox 149 3448 690 3516; baseline -0.009 -13"><span class='ocrx_word' id='word_1_193' title='bbox 149 3449 298 3503; x_wconf 82' lang='lat' dir='ltr'><strong>morinen</strong></span> <span class='ocrx_word' id='word_1_194' title='bbox 310 3449 434 3502; x_wconf 85' lang='lat' dir='ltr'><strong>habent:</strong></span> <span class='ocrx_word' id='word_1_195' title='bbox 448 3448 607 3516; x_wconf 88' lang='lat' dir='ltr'><strong>siquidem,</strong></span> <span class='ocrx_word' id='word_1_196' title='bbox 622 3463 690 3499; x_wconf 87' lang='lat' dir='ltr'><strong>oum</strong></span> 
     </span>
     <span class='ocr_line' id='line_1_50' title="bbox 150 3533 689 3603; baseline -0.006 -15"><span class='ocrx_word' id='word_1_197' title='bbox 150 3536 201 3588; x_wconf 85' lang='lat' dir='ltr'><strong>alii</strong></span> <span class='ocrx_word' id='word_1_198' title='bbox 226 3537 355 3601; x_wconf 87' lang='lat' dir='ltr'><strong>numeri,</strong></span> <span class='ocrx_word' id='word_1_199' title='bbox 386 3536 440 3603; x_wconf 91' lang='lat' dir='ltr'><strong>qui</strong></span> <span class='ocrx_word' id='word_1_200' title='bbox 467 3533 582 3586; x_wconf 83' lang='lat' dir='ltr'><strong>fluibus</strong></span> <span class='ocrx_word' id='word_1_201' title='bbox 610 3534 689 3586; x_wconf 88' lang='lat' dir='ltr'><strong>deoi-</strong></span> 
     </span>
     <span class='ocr_line' id='line_1_51' title="bbox 149 3620 690 3686; baseline -0.007 -11"><span class='ocrx_word' id='word_1_202' title='bbox 149 3622 233 3675; x_wconf 87' lang='lat' dir='ltr'><strong>mani</strong></span> <span class='ocrx_word' id='word_1_203' title='bbox 241 3623 362 3676; x_wconf 87' lang='lat' dir='ltr'><strong>numeri</strong></span> <span class='ocrx_word' id='word_1_204' title='bbox 371 3622 571 3685; x_wconf 87' lang='lat' dir='ltr'><strong>continentur,</strong></span> <span class='ocrx_word' id='word_1_205' title='bbox 581 3620 690 3686; x_wconf 89' lang='lat' dir='ltr'><strong>partim</strong></span> 
     </span>
     <span class='ocr_line' id='line_1_52' title="bbox 149 3705 690 3775; baseline -0.007 -14"><span class='ocrx_word' id='word_1_206' title='bbox 149 3709 210 3775; x_wconf 90' lang='lat' dir='ltr'><strong>ipsi</strong></span> <span class='ocrx_word' id='word_1_207' title='bbox 222 3710 296 3762; x_wconf 91' lang='lat' dir='ltr'><strong>alios</strong></span> <span class='ocrx_word' id='word_1_208' title='bbox 308 3708 434 3775; x_wconf 82' lang='lat' dir='ltr'><strong>pariant,</strong></span> <span class='ocrx_word' id='word_1_209' title='bbox 450 3706 559 3773; x_wconf 88' lang='lat' dir='ltr'><strong>partim</strong></span> <span class='ocrx_word' id='word_1_210' title='bbox 572 3705 609 3758; x_wconf 85' lang='lat' dir='ltr'><strong>ab</strong></span> <span class='ocrx_word' id='word_1_211' title='bbox 623 3706 690 3758; x_wconf 83' lang='lat' dir='ltr'><strong>aliis</strong></span> 
     </span>
     <span class='ocr_line' id='line_1_53' title="bbox 150 3791 690 3861; baseline -0.007 -13"><span class='ocrx_word' id='word_1_212' title='bbox 150 3795 314 3861; x_wconf 86' lang='lat' dir='ltr'><strong>pariantur,</strong></span> <span class='ocrx_word' id='word_1_213' title='bbox 326 3793 436 3861; x_wconf 87' lang='lat' dir='ltr'><strong>partim</strong></span> <span class='ocrx_word' id='word_1_214' title='bbox 449 3796 478 3846; x_wconf 92' lang='lat' dir='ltr'><strong>et</strong></span> <span class='ocrx_word' id='word_1_215' title='bbox 488 3791 608 3859; x_wconf 86' lang='lat' dir='ltr'><strong>pariant</strong></span> <span class='ocrx_word' id='word_1_216' title='bbox 617 3791 690 3844; x_wconf 83' lang='lat' dir='ltr'><strong>elios</strong></span> 
     </span>
     <span class='ocr_line' id='line_1_54' title="bbox 151 3879 689 3948; baseline -0.009 -14"><span class='ocrx_word' id='word_1_217' title='bbox 151 3885 179 3934; x_wconf 91' lang='lat' dir='ltr'><strong>et</strong></span> <span class='ocrx_word' id='word_1_218' title='bbox 196 3881 353 3948; x_wconf 83' lang='lat' dir='ltr'><strong>pariantur</strong></span> <span class='ocrx_word' id='word_1_219' title='bbox 371 3880 407 3933; x_wconf 91' lang='lat' dir='ltr'><strong>ab</strong></span> <span class='ocrx_word' id='word_1_220' title='bbox 427 3879 502 3944; x_wconf 89' lang='lat' dir='ltr'><strong>aliis,</strong></span> <span class='ocrx_word' id='word_1_221' title='bbox 521 3879 603 3931; x_wconf 90' lang='lat' dir='ltr'><strong>solus</strong></span> <span class='ocrx_word' id='word_1_222' title='bbox 624 3892 689 3944; x_wconf 89' lang='lat' dir='ltr'><strong>sep·</strong></span> 
     </span>
     <span class='ocr_line' id='line_1_55' title="bbox 150 3964 692 4033; baseline -0.007 -13"><span class='ocrx_word' id='word_1_223' title='bbox 150 3968 285 4020; x_wconf 83' lang='lat' dir='ltr'><strong>tenarius</strong></span> <span class='ocrx_word' id='word_1_224' title='bbox 306 3981 452 4020; x_wconf 87' lang='lat' dir='ltr'><strong>numerus</strong></span> <span class='ocrx_word' id='word_1_225' title='bbox 471 3979 570 4033; x_wconf 89' lang='lat' dir='ltr'><strong>neque</strong></span> <span class='ocrx_word' id='word_1_226' title='bbox 588 3964 692 4031; x_wconf 76' lang='lat' dir='ltr'><strong>gignat</strong></span> 
     </span>
     <span class='ocr_line' id='line_1_56' title="bbox 151 4049 690 4107; baseline -0.009 -1"><span class='ocrx_word' id='word_1_227' title='bbox 151 4068 189 4106; x_wconf 86' lang='lat' dir='ltr'><strong>ex</strong></span> <span class='ocrx_word' id='word_1_228' title='bbox 201 4068 234 4107; x_wconf 90' lang='lat' dir='ltr'><strong>se</strong></span> <span class='ocrx_word' id='word_1_229' title='bbox 246 4052 337 4106; x_wconf 84' lang='lat' dir='ltr'><strong>alium</strong></span> <span class='ocrx_word' id='word_1_230' title='bbox 349 4067 511 4106; x_wconf 89' lang='lat' dir='ltr'><strong>numerum</strong></span> <span class='ocrx_word' id='word_1_231' title='bbox 522 4052 601 4104; x_wconf 78' lang='lat' dir='ltr'><strong>infra</strong></span> <span class='ocrx_word' id='word_1_232' title='bbox 612 4049 690 4104; x_wconf 87' lang='lat' dir='ltr'><strong>deci·</strong></span> 
     </span>
     <span class='ocr_line' id='line_1_57' title="bbox 150 4140 690 4207; baseline -0.007 -15"><span class='ocrx_word' id='word_1_233' title='bbox 150 4155 274 4192; x_wconf 84' lang='lat' dir='ltr'><strong>manum</strong></span> <span class='ocrx_word' id='word_1_234' title='bbox 299 4140 424 4192; x_wconf 91' lang='lat' dir='ltr'><strong>limitem</strong></span> <span class='ocrx_word' id='word_1_235' title='bbox 451 4152 550 4207; x_wconf 86' lang='lat' dir='ltr'><strong>neque</strong></span> <span class='ocrx_word' id='word_1_236' title='bbox 577 4153 594 4189; x_wconf 89' lang='grc'><strong>1</strong></span> <span class='ocrx_word' id='word_1_237' title='bbox 619 4152 690 4205; x_wconf 91' lang='lat' dir='ltr'><strong>quo-</strong></span> 
     </span>
    </p>
   </div>
   <div class='ocr_carea' id='block_1_9' title="bbox 742 3451 1283 3612">
    <p class='ocr_par' dir='ltr' id='par_1_10' title="bbox 742 3451 1283 3612">
     <span class='ocr_line' id='line_1_58' title="bbox 775 3451 1283 3524; baseline 0.004 -14"><span class='ocrx_word' id='word_1_238' title='bbox 775 3473 824 3524; x_wconf 84' lang='lat' dir='ltr'><strong>pg.</strong></span> <span class='ocrx_word' id='word_1_239' title='bbox 843 3457 884 3509; x_wconf 85' lang='lat'><strong>35.</strong></span> <span class='ocrx_word' id='word_1_240' title='bbox 911 3458 964 3507; x_wconf 82' lang='grc' dir='ltr'><strong>τών</strong></span> <span class='ocrx_word' id='word_1_241' title='bbox 983 3453 1014 3508; x_wconf 72' lang='grc' dir='ltr'><strong>δὲ</strong></span> <span class='ocrx_word' id='word_1_242' title='bbox 1031 3455 1120 3508; x_wconf 78' lang='grc' dir='ltr'><em>ἄλλων</em></span> <span class='ocrx_word' id='word_1_243' title='bbox 1139 3458 1193 3509; x_wconf 80' lang='grc' dir='ltr'><strong>τῶν</strong></span> <span class='ocrx_word' id='word_1_244' title='bbox 1210 3451 1283 3512; x_wconf 56' lang='lat' dir='ltr'><strong>{vade</strong></span> 
     </span>
     <span class='ocr_line' id='line_1_59' title="bbox 742 3539 955 3612; baseline 0 -19"><span class='ocrx_word' id='word_1_245' title='bbox 742 3540 853 3596; x_wconf 75' lang='grc' dir='ltr'><em>δεκάδος</em></span> <span class='ocrx_word' id='word_1_246' title='bbox 871 3540 884 3592; x_wconf 83' lang='grc' dir='ltr'><em>ὃ</em></span> <span class='ocrx_word' id='word_1_247' title='bbox 901 3539 955 3612; x_wconf 80' lang='grc' dir='ltr'><strong>μὲν</strong></span> 
     </span>
    </p>
   </div>
   <div class='ocr_carea' id='block_1_10' title="bbox 151 4319 1285 4485">
    <p class='ocr_par' dir='ltr' id='par_1_11' title="bbox 151 4319 1285 4485">
     <span class='ocr_line' id='line_1_60' title="bbox 238 4319 1285 4398; baseline -0.006 -18"><span class='ocrx_word' id='word_1_248' title='bbox 238 4331 256 4398; x_wconf 78' lang='lat'><strong>¹)</strong></span> <span class='ocrx_word' id='word_1_249' title='bbox 275 4330 356 4382; x_wconf 80' lang='lat' dir='ltr'><strong>Theo</strong></span> <span class='ocrx_word' id='word_1_250' title='bbox 375 4345 422 4396; x_wconf 85' lang='lat' dir='ltr'><strong>pg.</strong></span> <span class='ocrx_word' id='word_1_251' title='bbox 444 4329 500 4390; x_wconf 78' lang='lat'><strong>100,</strong></span> <span class='ocrx_word' id='word_1_252' title='bbox 511 4327 555 4380; x_wconf 84' lang='lat'><strong>14:</strong></span> <span class='ocrx_word' id='word_1_253' title='bbox 574 4325 665 4395; x_wconf 78' lang='grc' dir='ltr'><em>πρώτη</em></span> <span class='ocrx_word' id='word_1_254' title='bbox 683 4319 772 4395; x_wconf 65' lang='grc' dir='ltr'><em>ἀρχήν</em></span> <span class='ocrx_word' id='word_1_255' title='bbox 790 4323 836 4376; x_wconf 84' lang='grc' dir='ltr'><strong>καὶ</strong></span> <span class='ocrx_word' id='word_1_256' title='bbox 853 4320 926 4394; x_wconf 80' lang='grc' dir='ltr'><strong><em>μέσα</em></strong></span> <span class='ocrx_word' id='word_1_257' title='bbox 943 4323 990 4376; x_wconf 80' lang='grc' dir='ltr'><strong>καὶ</strong></span> <span class='ocrx_word' id='word_1_258' title='bbox 1007 4321 1128 4386; x_wconf 74' lang='grc' dir='ltr'><strong>τελευτήν</strong></span> <span class='ocrx_word' id='word_1_259' title='bbox 1149 4321 1216 4392; x_wconf 80' lang='grc' dir='ltr'><em>ἔχει.</em></span> <span class='ocrx_word' id='word_1_260' title='bbox 1243 4319 1285 4375; x_wconf 73' lang='lat' dir='ltr'><strong>ee</strong></span> 
     </span>
     <span class='ocr_line' id='line_1_61' title="bbox 151 4409 1076 4485; baseline -0.014 -16"><span class='ocrx_word' id='word_1_261' title='bbox 151 4417 195 4469; x_wconf 78' lang='grc' dir='ltr'><strong>καὶ</strong></span> <span class='ocrx_word' id='word_1_262' title='bbox 216 4416 304 4485; x_wconf 65' lang='grc' dir='ltr'><em>πρώτη</em></span> <span class='ocrx_word' id='word_1_263' title='bbox 323 4413 426 4483; x_wconf 79' lang='grc' dir='ltr'><em>λέγεται</em></span> <span class='ocrx_word' id='word_1_264' title='bbox 444 4414 530 4465; x_wconf 76' lang='grc' dir='ltr'><em>πάντα</em></span> <span class='ocrx_word' id='word_1_265' title='bbox 548 4409 627 4464; x_wconf 78' lang='grc' dir='ltr'><em>εἶναι.</em></span> <span class='ocrx_word' id='word_1_266' title='bbox 1073 4439 1076 4449; x_wconf 80' lang='lat'><em>-</em></span> 
     </span>
    </p>
   </div>
   <div class='ocr_carea' id='block_1_11' title="bbox 0 0 1632 5166">
    <p class='ocr_par' dir='ltr' id='par_1_12' title="bbox 0 0 1632 5166">
     <span class='ocr_line' id='line_1_62' title="bbox 0 0 1632 5166; baseline 0 0"><span class='ocrx_word' id='word_1_267' title='bbox 0 0 1632 5166; x_wconf 95' lang='lat' dir='ltr'><strong> </strong></span> 
     </span>
    </p>
   </div>
  </div>
 </body>
</html>
