3222 5166
584 482 798 542 ..57-

125 667 371 734 demonstravit
403 666 587 748 proiectam
623 684 699 732 esse
734 685 809 732 eam
842 685 860 730 ο
893 669 1042 730 veterum
1076 663 1255 730 Academi-

125 789 238 836 oorum
256 770 382 850 schola,
399 774 469 835 tum
486 768 679 853 diligentius
695 768 915 850 inquirentem
931 767 1046 852 fugere
1063 786 1128 833 non
1144 770 1257 847 potest

125 873 214 938 huno
236 872 448 953 dualismum‚
483 891 579 952 quem
608 875 741 952 vocant,
764 871 948 939 Platonicis
970 870 1007 936 ἓν
1030 871 1089 936 καὶ
1112 869 1256 952 ἄπειρον

74 968 77 974 ’
126 975 237 1041 nixum
262 976 447 1042 excoluisse
463 975 697 1040 Xenooratem.
732 975 853 1040 Mirum
879 975 967 1040 enim
991 991 1164 1055 quousque
1181 991 1256 1038 oon·
1354 1019 1356 1022 -

127 1079 227 1146 sentit
249 1097 324 1144 ourn
348 1077 440 1146 Sexti
464 1078 504 1143 de
529 1079 593 1143 heo
614 1077 744 1142 ratione
768 1082 915 1143 auctore.
955 1077 1043 1144 Sext.
1062 1076 1136 1142 adv,
1154 1075 1256 1142 math.

126 1182 168 1264 X,
181 1187 257 1248 276:
293 1180 475 1264 ἀνέκυψαν
510 1179 577 1263 ἀρα
611 1179 711 1263 ἀρχαὶ
742 1181 887 1246 πάντων
910 1179 999 1245 κατὰ
1022 1178 1062 1245 τὸ
1087 1178 1256 1245 ἀνωτάτω

125 1285 147 1374 ἥ
168 1305 209 1349 τε
226 1286 368 1368 πρώτη
383 1283 514 1368 μονάς
537 1285 604 1348 καὶ
627 1285 649 1367 ἡ
672 1283 863 1366 ἀόριστος
887 1282 999 1364 ὃοάς·
1023 1283 1059 1366 ἐξ
1081 1281 1131 1348 ὧν
1154 1284 1257 1364 γίγνε-

127 1387 215 1453 σύαλ
240 1409 325 1471 φασι
351 1388 392 1453 τό
420 1388 449 1452 τ’
467 1387 504 1452 ἐν
527 1393 600 1468 τοῖς
624 1385 789 1471 άριύμοῖς
811 1386 849 1452 ἓν
872 1389 930 1452 καὶ
952 1387 1017 1470 τὴν
1040 1385 1098 1451 ἐπὶ
1120 1385 1258 1466 τούτοις

127 1489 233 1556 πάλιν
257 1488 368 1556 όύάάα
392 1540 449 1556 ...
474 1489 563 1556 κατὰ
587 1489 699 1556 ταύτὰ
722 1488 759 1556 ἀὲ
781 1491 840 1555 καὶ
863 1491 896 1555 oi
918 1488 1036 1555 λοιποὶ
1059 1487 1205 1572 ἀριύμολ
1220 1487 1258 1552 ἐκ

127 1594 264 1659 τούτων
288 1592 572 1677 ἀπετελέσθησαν
677 1595 735 1660 καὶ
758 1593 799 1659 ὃν
822 1595 955 1676 τρόπον
977 1592 1061 1674 τούς
1084 1591 1120 1675 ἐξ
1142 1591 1259 1656 αὐτῶν

126 1699 351 1780 ὑποστάντας
379 1697 553 1782 ἀριύμούς
581 1696 801 1778 ἀπετέλεσαν,
831 1697 923 1764 ούτω
951 1699 1010 1762 καὶ
1036 1696 1098 1762 τὸν
1127 1696 1259 1778 κόσμον

127 1803 186 1868 καλ
209 1802 327 1867 πάντα
349 1801 393 1867 τά
415 1801 452 1866 ἐν
475 1807 525 1886 τῷ
549 1802 668 1886 κόσμῳ
693 1804 957 1886 συνεστήσαντο.
985 1800 1118 1880 εύύέως
1140 1798 1202 1881 γάρ
1219 1796 1259 1862 τὸ

129 1910 272 1988 σημεῖον
294 1903 385 1970 κατὰ
406 1903 469 1970 τὸν
491 1911 555 1989 τῆς
577 1903 731 1990 μονάδος
752 1905 856 1988 λόγον
876 1903 1044 1989 τετάχύαι
1066 1927 1097 1969 κ.
1110 1924 1140 1969 τ.
1152 1901 1182 1967 λ.
1207 1901 1259 1981 (de

128 2009 227 2088 linea,
248 2008 398 2090 epipedo‚
415 2008 545 2092 solido).
580 2009 800 2090 Theophrast.
817 2009 858 2075 de
874 2010 968 2091 prim.
985 2009 1103 2090 philos,
1120 2008 1204 2073 VIa
1219 2011 1259 2070 23
1324 2003 1327 2008 ’

130 2112 189 2178 Us
214 2110 367 2193 (Heium,
390 2112 476 2177 Xon.
500 2111 662 2196 pg.169):
697 2112 731 2177 οἵ
762 2135 798 2195 γε
826 2110 951 2178 πολλοὶ
972 2114 1071 2196 μέχρι
1092 2109 1187 2191 τινὸς
1210 2107 1261 2173 ἑλ-

129 2213 257 2296 ύόντες
290 2214 565 2294 κατοπαύονται,
601 2213 765 2299 καύάπερ
800 2217 859 2281 καὶ
892 2218 925 2284 ολ
957 2214 1002 2280 τὸ
1033 2213 1075 2279 ἓν
1098 2215 1166 2279 καὶ
1188 2213 1261 2296 τὴν

130 2316 324 2401 ἀόριστον
348 2315 476 2382 ὁνάόα
499 2322 697 2400 ποιοῦντες·
733 2319 816 2400 τούς
849 2317 912 2401 γάρ
944 2315 1118 2402 άριύμούς
1145 2317 1260 2398 γεννά-

131 2437 253 2502 σαντες
284 2423 342 2487 καλ
375 2421 419 2486 τά
453 2419 602 2488 ἐπλπεόα
636 2424 694 2488 καὶ
727 2423 771 2488 τά
795 2424 940 2507 σώματα
964 2419 1084 2504 σχεάὸν
1106 2420 1150 2486 τά
1174 2416 1262 2484 ἄλλα

131 2523 407 2608 παραλείπουσιν
513 2526 681 2607 ὡσαύτως
705 2525 734 2591 ‹i’
752 2528 785 2591 oi
808 2527 887 2608 περὶ
909 2525 1149 2603 Σπεύσιππον,
1184 2519 1264 2588 norit

131 2632 203 2693 τῶν
219 2626 335 2694 ἀλλων
352 2628 464 2710 ούὸελς
480 2628 573 2713 πλὴν
587 2626 865 2714 Ξενοκράτης·
890 2628 1010 2710 ούτος
1033 2628 1104 2711 γάρ
1133 2627 1263 2692 άπαν-

132 2731 182 2797 τά
210 2752 299 2814 πως
322 2733 563 2817 περιτλύησι
586 2735 680 2817 περὶ
712 2733 784 2799 τόν
808 2732 997 2817 κόσμον“)
1125 2732 1176 2796 Ex
1198 2748 1265 2796 uno

131 2835 236 2919 igitur
258 2837 292 2901 et
315 2836 423 2920 dyade
446 2837 617 2902 indefinito
641 2843 781 2919 uterque
805 2837 907 2903 eifioit
928 2855 1093 2915 numeros
1118 2853 1264 2901 enume-

132 2939 179 3005 ris
212 2939 354 3020 re'liqua,
389 2940 522 3021 lineam,
556 2941 702 3022 planum,
738 2941 889 3022 solidum,
924 2944 1029 3005 totum
1062 2937 1265 3021 mundum2).

134 3042 199 3109 Sed
223 3044 288 3110 hae
311 3043 351 3108 de
376 3063 411 3109 re
434 3045 607 3109 haetenus,

220 3147 338 3232 Pergit
372 3147 494 3214 Sextus
522 3147 687 3214 disserere
715 3148 756 3213 de
791 3153 886 3216 setta
912 3149 1140 3232 Pythagorica
1166 3164 1267 3212 unum

134 3250 312 3332 profitente
327 3251 526 3332 principium
542 3249 631 3333 (adv.
653 3252 747 3333 phys,
764 3252 809 3331 ΙΙ,
822 3251 914 3334 281);
940 3251 1031 3333 τινὲς
1047 3249 1076 3316 ‹i'
1090 3249 1160 3316 άπὸ
1177 3248 1268 3330 ἑνὸς

135 3355 280 3438 σημολον
300 3352 341 3419 τὸ
365 3354 466 3436 σῶμά
489 3372 575 3437 φασι
599 3352 838 3419 σννλστασύαι.
862 3356 961 3420 τουτὶ
983 3354 1045 3438 γὰρ
1069 3352 1110 3419 τὸ
1127 3358 1269 3438 σημεῖον

134 3457 229 3540 ῥυὲν
252 3457 415 3540 γραμμὴν
440 3454 632 3535 ἀποτελεῖν,
667 3455 732 3540 τὴν
764 3454 800 3522 ἀὲ
822 3458 984 3542 γραμμὴν
1007 3456 1212 3540 ῥνεῖσανέ
1244 3459 1268 3519 λ-

135 3558 245 3626 πεόον
268 3566 394 3626 ποιεῖν·
418 3565 523 3626 τούτο
548 3557 577 3624 (λ’
591 3561 640 3641 εἰς
663 3558 778 3642 βάύος
801 3560 946 3645 κινηύὲν
969 3561 1009 3627 τὸ
1034 3566 1134 3645 σῶμα
1149 3563 1271 3644 γεννᾶν

138 3719 342 3726 -,--

225 3800 247 3868 ¹)
266 3801 375 3854 Confer
393 3801 470 3854 Plut.
489 3800 526 3852 de
545 3815 591 3852 an.
610 3815 707 3866 proor.
728 3802 782 3852 αἳ
800 3817 848 3868 pg.
863 3800 930 3854 1012
943 3802 982 3854 D:
1010 3799 1105 3870 οἱμὲν
1123 3802 1177 3870 γάρ
1195 3801 1271 3870 (soil.

137 3885 201 3956 περὶ
218 3885 381 3955 Ξενοκράτη)
403 3880 483 3939 οὐδὲν
509 3883 526 3948 ἢ
549 3882 656 3954 γένεσιν
682 3880 803 3956 άριύμοῦ
830 3886 976 3949 opinonem
1000 3889 1136 3956 νομίζουσι
1153 3891 1185 3956 τῇ
1202 3889 1274 3958 μίξει
1356 3932 1360 3942 .

135 3976 180 4038 τῆς
198 3969 342 4043 ἀμερίστου
361 3970 407 4024 καὶ
424 3973 548 4042 μεριστῆς
565 3965 657 4026 ούσίαε
674 3973 758 4040 (Plut.
773 3975 847 4026 Tim.
860 3974 947 4042 35A).
970 3968 1113 4042 ἀμέριστον
1129 3974 1184 4042 γάρ
1202 3970 1274 4027 εἶναι

137 4060 165 4114 τά
193 4057 225 4114 ἓν
249 4058 375 4130 μεριστόν
401 4056 432 4112 ἀὲ
457 4059 485 4111 τά
512 4059 623 4124 πλῆθος,
650 4057 681 4113 ὲκ
705 4057 736 4112 δὲ
753 4059 850 4112 τούτων
867 4060 1012 4128 γίγνεσθαι
1029 4059 1074 4111 τόν
1091 4055 1212 4130 ἀριθμόν
1230 4063 1274 4114 τοῦ

137 4145 199 4202 ἑνός
221 4146 396 4218 ἀρόζοντοειτά
413 4148 517 4210 πλῆθος
533 4145 579 4199 καὶ
596 4147 628 4215 τῇ
647 4143 757 4215 ἀπειρίᾳ
775 4145 860 4215 πέρας
876 4140 1045 4211 ἐπιτιθέντος,
1073 4143 1105 4209 ἣν
1123 4145 1167 4198 καὶ
1187 4146 1274 4199 inuria

138 4235 266 4286 καλοῦσιν
284 4229 417 4303 ἀόριστον·
436 4233 529 4299 Diale,
547 4235 623 4286 Dux·
641 4247 690 4300 pg.
708 4233 801 4296 304,1.

226 4320 247 4388 ²)
268 4320 366 4374 Simili
393 4319 480 4372 modo
509 4318 698 4384 Speusippus
726 4334 763 4370 ex
791 4334 851 4370 uno
878 4323 908 4370 et
934 4317 1127 4370 multitudine
1156 4319 1274 4370 ridetur

138 4406 266 4460 finxisse
284 4419 426 4458 numeros
444 4405 560 4472 (Zenon,
578 4403 617 4468 ΙΙ,
628 4402 659 4454 14
675 4419 725 4471 pg.
741 4404 805 4457 1001
820 4403 894 4470 sqq.)
