3222 5166
608 482 934 543 -35—·

236 667 297 748 Pg.
323 670 396 746 295,
410 671 451 731 14
472 666 683 748 philosophia
707 685 796 733 more
821 667 1039 734 Aristotelico
1066 668 1227 734 dividitur
1248 669 1282 733 in

150 768 392 850 philosophiam
415 769 703 836 considerativam‘
721 775 755 836 et
777 771 934 849 activam,
957 774 1075 838 rursus
1092 773 1283 842 considera·

150 871 223 938 tiva
245 872 278 936 in
301 872 514 956 theologiam,
539 873 821 954 mathematicam,
843 873 1017 956 physicam
1030 872 1062 955 ¹).
1129 897 1130 900 ¹

237 976 297 1058 Pg.
322 980 395 1055 310,
408 981 448 1040 23
477 975 517 1041 de
547 975 689 1041 materia
720 975 951 1057 disputa-turus
975 977 1161 1057 praemittit
1184 979 1283 1045 Ohal-

151 1077 257 1143 cidius
281 1077 416 1144 brevem
440 1085 655 1159 conspectum
677 1079 936 1161 praecipuarum
958 1079 999 1144 de
1021 1079 1081 1146 illa
1101 1083 1284 1150 sententia-

125 1201 234 1262 rum,
277 1201 373 1262 quem
417 1189 590 1247 mutuatus
629 1189 681 1248 est
720 1202 761 1248 ex
797 1183 992 1249 Aristotelis
1023 1163 1187 1267 ‚Metaphs
1201 1185 1235 1266 Ι,
1255 1193 1285 1268 3,

151 1281 250 1364 9821),
263 1283 347 1366 20²).
394 1283 586 1366 Sequuntur
610 1285 747 1351 liberius
770 1285 1005 1367 transscripta,
1041 1305 1126 1367 quae
1150 1288 1286 1370 exponit

152 1383 354 1453 Aristoteles
376 1389 411 1451 in
426 1388 529 1470 Phys.
553 1389 574 1452 l.
590 1388 608 1452 I
632 1408 658 1453 c.
675 1394 705 1468 8,
729 1389 850 1470 quibus
874 1389 957 1454 satis
974 1396 1132 1456 accurate
1149 1409 1284 1459 versum

152 1489 290 1557 additur
310 1491 412 1573 Phys.
437 1491 491 1556 ΙΙ
513 1510 540 1556 c.
558 1497 587 1556 9.
627 1491 757 1573 Quibus
774 1492 876 1557 latius
892 1493 1068 1574 explicatis
1080 1493 1286 1561 'Stoicorum-

153 1614 217 1675 que
240 1593 374 1659 etitem
397 1595 612 1679 Pythagorae
647 1595 688 1662 dc
718 1595 860 1661 materia
883 1595 1095 1680 dogmatibus
1119 1595 1286 1665 enarratis

153 1701 293 1763 conatur
316 1700 442 1778 auctor,
464 1704 644 1779 postquam
662 1698 884 1786 Aristotelicis
906 1699 1125 1766 concludendi
1148 1702 1286 1767 rationi-

152 1801 213 1866 bus
236 1801 432 1866 Platonicas
455 1801 518 1881 dei,
552 1802 670 1882 silvae,
705 1802 847 1884 exempli
870 1802 1049 1870 notitiones
1073 1805 1286 1886 exprompsit,

152 1903 229 1969 inde
253 1923 349 1988 apg.
374 1909 436 1969 336
471 1905 571 1970 etiam
594 1905 806 1971 Platonicam
840 1905 880 1971 de
915 1906 1057 1972 materia
1085 1901 1286 1974 sententiam

152 2008 377 2090 interpretari.
415 2009 528 2090 Atque
552 2009 675 2074 mirum·
693 2017 854 2090 quantum
879 2010 1035 2094 congruit
1062 2030 1135 2076 cunr
1156 2010 1286 2081 Aristo-

153 2111 254 2177 telica
266 2111 467 2178 definitione.
481 2113 565 2178 Esse
579 2113 667 2178 enim
678 2112 852 2178 contendit
862 2111 1038 2179 materiam
1052 2116 1187 2207 (pg.337
1201 2113 1287 2198 sqq.)

153 2215 329 2282 Platonem
363 2215 458 2302 sequi
491 2235 527 2281 se
561 2214 692 2297 ratus³)
727 2216 949 2297 possibilitate
973 2205 1141 2284 omnia-ct
1163 2219 1287 2286 habero

153 2319 372 2399 possibilitate
407 2337 522 2385 omues
557 2318 738 2400 qualitates
771 2325 806 2385 et
840 2338 916 2386 esse
949 2320 1124 2402 infinitam,
1159 2321 1224 2400 non
1251 2343 1287 2388 re

154 2441 246 2502 vera,
270 2421 328 2488 sed
345 2441 433 2502 quae
450 2441 514 2487 non
530 2423 636 2504 possit
652 2423 785 2504 „aliquo
802 2423 906 2488 limite
923 2424 1126 2506 circumiri‘t,
1146 2424 1287 2518 eandem

154 2544 228 2590 esse
244 2544 352 2607 neque
369 2545 565 2608 corpoream
581 2545 643 2592 nec
658 2526 900 2607 incorpoream,
924 2545 1011 2607 quae
1029 2528 1141 2593 omnia
1156 2518 1288 2610 plenam

154 2629 349 2695 Aristotelis
373 2629 544 2695 continere
568 2629 754 2696 doctrinam
777 2629 876 2695 facile
901 2627 1039 2712 vides4).
1069 2630 1177 2696 'Adde
1202 2633 1289 2713 quod

154 2733 238 2798 haec
265 2733 376 2798 omnia
403 2732 592 2798 efficiuntur
614 2733 841 2798 Aristotelicis
870 2734 1076 2815 argumentis
1101 2741 1138 2811 ut
1159 2755 1212 2819 pg.
1226 2743 1286 2801 341

153 2833 227 2918 (cfr.
240 2841 313 2917 357,
325 2835 359 2920 7)
374 2837 514 2921 singulis
530 2837 703 2902 elementis
719 2837 820 2902 binae
835 2835 1049 2902 vindicantur
1057 2828 1242 2918 'qualitates
1253 2835 1288 2922 ⁵),

155 2960 211 3024 pg.
234 2945 298 3005 343
332 2939 446 3005 decem
481 2940 673 3022 categoriae
699 2945 870 3021 tamquam
894 2940 1046 3007 omnibus
1069 2942 1233 3022 probatae
1255 2939 1288 3006 in

157 3062 255 3109 usum
278 3048 451 3109 vocantur.
947 3067 949 3070 ·

244 3147 371 3212 Eodem
384 3147 480 3213 modo
493 3167 544 3228 ea,
557 3166 644 3228 quae
657 3148 870 3229 disputantur
883 3145 1041 3228 deinceps
1055 3146 1121 3232 (pg.
1130 3153 1193 3226 360
1204 3144 1290 3238 sqq.)

159 3251 200 3316 de
233 3250 316 3316 ideis
349 3250 544 3331 PlatoniciS,
583 3252 690 3334 magis
725 3250 943 3319 Aristotelico
981 3270 1091 3334 quam¹
1115 3251 1290 3317 Platonico

160 3353 412 3421 accommodata
434 3360 514 3421 sunt
535 3354 712 3439 ingenim).
1139 3373 1142 3379 '

158 3539 273 3596 iudicio
300 3557 389 3594 usum
416 3545 472 3596 hoc
500 3545 646 3597 docuisse.
686 3543 802 3611 (Simpl.
831 3543 867 3596 de
896 3543 977 3595 coelo
1004 3541 1092 3605 602,5
1122 3539 1291 3610 [Heiberg]:

160 3626 329 3696 Θεόφραστος
344 3625 397 3696 μὲν
416 3624 469 3680 ἀπὸ
488 3625 645 3698 ὀφθαλμῶν
663 3624 811 3698 ἀνθρώπου
828 3628 919 3696 φλόγα
931 3623 1090 3695 ἐκκριθῆναι
1102 3627 1208 3693 ἱστορεῖ,
1227 3625 1292 3692 qui-

159 3714 289 3768 buscum
309 3715 444 3768 conferas
462 3716 527 3768 Act.
545 3716 619 3782 plac.
637 3717 687 3780 IV,
701 3716 749 3783 13.)

248 3801 266 3868 ¹)
285 3802 414 3867 Metaph.
432 3803 469 3867 V,
482 3803 504 3866 1,
521 3801 663 3854 1025-26.

247 3887 270 3956 ²)
288 3887 371 3940 Diels
390 3888 466 3940 Dux.
487 3888 535 3941 Gr.
554 3903 603 3954 pg.
624 3887 673 3940 170
690 3885 757 3939 adn.
777 3886 800 3938 1.

216 4003 218 4012 ι
246 3974 267 4042 3)
287 3975 339 4042 Pg.
357 3975 471 4040 344‚21:
492 3975 571 4040 „Iam
590 3989 657 4026 cum
677 3973 784 4036 omnia,
806 3988 883 4038 quae
903 3972 1091 4037 propositum
1110 3973 1173 4021 erat
1191 3982 1293 4020 recen-

162 4077 237 4126 sere,
248 4061 414 4128 perspicaci
427 4061 664 4113 consideratione
678 4060 806 4112 decursa
819 4058 880 4110 sint
893 4058 976 4109 iuxta
989 4055 1134 4108 Platonici
1146 4055 1293 4121 dogmatis

163 4148 369 4200 auctoritatem
388 4186 393 4200 .
408 4188 412 4198 .
427 4149 449 4198 .“
1153 4155 1154 4162 ¹

248 4233 269 4302 ⁴¹)
288 4234 384 4288 Zeller
404 4234 440 4296 Il,
454 4233 478 4296 2,
491 4233 541 4286 313
555 4249 619 4298 sqq.

249 4320 269 4386 5)
287 4320 384 4372 Zeller
401 4319 439 4383 II,
452 4319 476 4384 2,
489 4319 616 4372 443-45.

249 4405 272 4474 ⁶)
290 4407 342 4474 Pg.
356 4406 457 4470 3dl,20
476 4405 669 4472 comparandi
685 4404 781 4471 gratia
798 4402 907 4455 mentio
925 4402 958 4455 fit
970 4400 1124 4454 simulacri
1138 4397 1295 4452 cuiusdam

1158 4485 1190 4537 3ss
