3222 5166
585 469 799 529 ..55-

232 650 381 703 Martiani.
624 651 757 704 Favonii.
1005 652 1147 705 Anatolii.

125 754 198 808 item
216 757 331 820 septem
350 753 484 818 corporis
933 752 1061 824 ὁλόκληρα
1100 751 1169 824 μέρη
1214 755 1259 806 τοῦ

125 844 224 906 partes
247 839 400 892 hominem
417 855 483 906 per·
545 829 547 833 ’
898 840 1018 906 σώματος
1027 841 1059 906 ζ’,
1073 839 1185 908 κεφαλή,
1195 837 1259 908 τρά-

125 925 242 978 flciunt:
280 929 368 992 caput
396 929 484 978 tenus
898 927 983 995 χηλοε,
1003 924 1107 996 στέρνα,
1127 926 1207 979 πόδες
1223 926 1258 992 β’,

124 1011 220 1063 imum
247 1011 391 1077 collum¹l,
415 1027 481 1078 pee-
900 1019 988 1082 χεῖρες
1005 1013 1040 1082 ῤ’.

125 1101 182 1162 tus,
200 1101 313 1162 venter,
324 1098 411 1150 duae
423 1113 483 1150 ma·

125 1199 183 1235 nus
201 1183 363 1251 pedesque.

212 1340 350 1406 Maioris
373 1347 424 1406 est
440 1340 606 1422 momenti,
631 1341 717 1422 quod
736 1342 835 1407 etiarn
852 1343 962 1409 Varro
978 1341 1142 1424 (Censor.)
1159 1341 1259 1408 affert

125 1442 257 1508 Solonis
281 1443 361 1508 illud
387 1443 427 1508 de
452 1444 573 1510 aetatis
596 1443 758 1527 gradibus
782 1464 926 1525 carmen,
962 1446 1048 1526 quod
1072 1446 1158 1511 idem
1183 1465 1258 1527 pro-

124 1551 225 1611 vocat
258 1545 300 1611 ad
336 1546 574 1628 Hippocratem
605 1545 798 1630 (Censor.²),
823 1549 965 1628 Favon,
990 1550 1087 1614 Mart.
1112 1555 1146 1614 01
1168 1548 1255 1615 Gell.

128 1648 343 1730 Hippocratis
376 1669 495 1715 nomen
530 1649 695 1728 omittunt,
729 1670 798 1715 rem
824 1650 1018 1734 attingunt),
1053 1651 1139 1733 quod
1170 1651 1257 1717 ideni

126 1758 364 1818 commemorat
385 1757 504 1834 partus
529 1772 655 1836 genera
678 1753 743 1819 duo
766 1752 918 1835 (Censor.
935 1753 1047 1836 Geli),
1070 1755 1147 1834 alia,
1172 1774 1258 1836 quae

126 1854 243 1920 eodem
266 1855 362 1920 modo
384 1853 575 1921 referuntur
598 1856 639 1920 ab
657 1856 817 1921 Anatolio
840 1859 892 1921 vel
918 1859 1049 1924 ceteris.
1090 1857 1154 1923 Sed
1172 1877 1258 1938 quae

126 1957 160 2022 in
184 1958 408 2025 testimonium
432 1960 563 2039 vocavi,
592 1979 655 2024 non
680 1961 786 2025 solum
812 1961 896 2026 satis
920 1960 1018 2025 immo
1042 1960 1138 2026 nimis
1154 1962 1260 2026 multa

126 2062 263 2128 suntad
281 2063 588 2142 demonstrandum,
612 2063 698 2144 quod
715 2065 817 2144 volui,
838 2063 870 2128 id
888 2069 940 2130 est
956 2063 1056 2128 etiam
1072 2065 1258 2130 Varronem

126 2166 281 2232 hausisse
306 2185 347 2231 ex
371 2167 485 2231 eodem
509 2167 565 2232 illo
589 2167 689 2247 fonte,
725 2167 768 2232 ad
799 2168 984 2248 queniam
1010 2168 1177 2233 duxerunt
1200 2188 1259 2233 nos

126 2268 186 2349 illi,
210 2268 250 2334 de
273 2269 394 2350 quibus
418 2270 546 2354 egimus
563 2289 676 2351 supra,
702 2269 844 2351 ideoque
861 2272 959 2352 plura
974 2271 1125 2338 conferre
1142 2291 1270 2353 super,

127 2389 315 2437 vacaneum
339 2379 398 2438 est.
435 2373 586 2439 Varrone
602 2373 706 2458 igitur
721 2373 829 2440 medio
844 2374 1074 2440 intercedente
1091 2394 1108 2440 e
1126 2375 1259 2442 Graeco

125 2474 184 2539 1110
218 2474 310 2539 fonte
338 2475 506 2541 fluxerunt
529 2476 641 2555 etiam,
676 2496 762 2557 quae
790 2477 830 2542 (10
853 2478 904 2544 his
928 2477 1028 2543 rebus
1051 2478 1260 2544 tradiderunt

125 2581 175 2646 illi
199 2582 379 2664 scriptores
396 2581 549 2662 Romani,
578 2587 611 2647 01
625 2583 674 2648 ita
688 2583 808 2649 iterum
825 2583 986 2664 probatur
1000 2585 1082 2650 illud
1101 2585 1258 2650 Useneri:

127 2685 258 2764 „Varro
292 2686 418 2750 kommt
451 2685 514 2750 mir
546 2704 608 2750 101
641 2685 702 2750 110
738 2686 790 2752 ein
814 2687 1004 2763 Krahnen,¹
1025 2687 1085 2753 (101
1108 2707 1171 2755 aus
1194 2688 1258 2754 den

126 2788 261 2854 reiolren
299 2778 591 2873 Schiffsladungen
630 2789 689 2854 (101
727 2770 1053 2858 Alexandrinischen
1092 2793 1166 2857 Zeit
1206 2792 1259 2858 (110

124 2891 254 2957 Wareu
279 2891 340 2957 auf
359 2891 412 2958 die
436 2893 680 2980 Fraohtwageu
706 2893 764 2959 der
787 2895 964 2960 Nachwelt
989 2895 1099 2960 hebt.“

436 3112 544 3194 VII.
578 3113 648 3194 De
677 3113 958 3195 Posidonio.

213 3288 412 3367 Auctorum,
437 3287 477 3353 (10
502 3289 621 3369 quibus
645 3290 783 3374 egimus,
808 3294 919 3356 aetate
941 3290 1192 3357 vetustissimus
1209 3295 1261 3356 est

129 3393 248 3458 Varro.
284 3390 446 3457 Varronis
469 3390 572 3476 igitur
595 3393 771 3473 aequalem
795 3397 854 3458 aut
875 3413 914 3459 eo
931 3395 1136 3474 superiorem
1152 3400 1260 3460 statu-

129 3496 250 3562 endum
285 3500 337 3562 est
368 3494 473 3561 fuisse
509 3515 594 3575 eum,
630 3515 652 3562 a
684 3516 749 3577 quo
783 3503 953 3578 tamquam
981 3498 1070 3563 fonte
1095 3499 1259 3564 communi

128 3599 320 3681 petiverunt
342 3616 397 3664 ros
419 3603 452 3663 et
468 3604 668 3682 argumenta
684 3618 810 3679 omues,
835 3620 917 3681 quos
932 3599 967 3665 in
985 3620 1086 3666 unum
1104 3601 1260 3666 eundem-

130 3721 194 3782 quo
217 3707 387 3768 auctorem
412 3701 551 3786 digitum
574 3703 747 3768 intendere
772 3703 924 3770 vidimus.
964 3704 1029 3786 Qui
1053 3705 1127 3771 lons
1151 3705 1261 3784 qualis
1350 3705 1353 3710 '

129 3806 229 3872 luerit
267 3805 380 3886 aliquo
417 3806 514 3871 modo
553 3825 676 3885 omnes,
720 3807 791 3872 luce
830 3812 940 3872 autem
979 3807 1103 3873 clarius
1141 3807 1262 3874 docent

129 3909 322 3976 Macrobius
345 3915 379 3974 et
402 3907 604 3976 Chalcidius.
651 3908 736 3976 Oum
759 3911 846 3976 eninr
869 3912 1050 3992 pleraeque
1074 3931 1151 3991 res,
1174 3931 1260 3993 quae

130 4013 352 4096 explicantur,
386 4032 403 4077 e
427 4013 564 4079 Timaeo
586 4014 761 4080 Platonico
796 4014 957 4098 originem
982 4015 1121 4080 trahunt
1143 4016 1198 4080 vel
1222 4035 1261 4080 00

143 4191 149 4204 ’
217 4219 236 4286 ¹)
254 4218 421 4272 Levissima
440 4222 485 4271 est
504 4217 712 4284 discrepantia.

215 4303 238 4373 ²)
258 4304 417 4358 Artissima
443 4309 487 4357 est
514 4304 546 4356 in
573 4309 700 4372 utraque
727 4320 760 4358 re
780 4306 979 4370 necessitudo,
999 4321 1083 4374 ¹quae
1101 4306 1263 4359 intercedit

130 4391 210 4444 inter
228 4390 427 4444 Censorinum
446 4395 474 4444 et
492 4391 665 4444 Anatolium
685 4392 733 4444 vel
752 4391 917 4445 Philonem.
