<?xml version="1.0" encoding="UTF-8"?>
<!DOCTYPE html PUBLIC "-//W3C//DTD XHTML 1.0 Transitional//EN"
    "http://www.w3.org/TR/xhtml1/DTD/xhtml1-transitional.dtd">
<html xmlns="http://www.w3.org/1999/xhtml" xml:lang="en" lang="en">
 <head>
  <title>
</title>
<meta http-equiv="Content-Type" content="text/html;charset=utf-8" />
  <meta name='ocr-system' content='tesseract 3.04.00' />
  <meta name='ocr-capabilities' content='ocr_page ocr_carea ocr_par ocr_line ocrx_word'/>
</head>
<body>
  <div class='ocr_page' id='page_1' title='image "./deanatoliifonti01borggoog_0012.png"; bbox 0 0 3222 5166; ppageno 0'>
   <div class='ocr_carea' id='block_1_1' title="bbox 607 495 801 555">
    <p class='ocr_par' dir='ltr' id='par_1_1' title="bbox 607 495 801 555">
     <span class='ocr_line' id='line_1_1' title="bbox 607 495 801 555; baseline -0.005 -19"><span class='ocrx_word' id='word_1_1' title='bbox 607 495 801 555; x_wconf 77' lang='lat'><em>..5-</em></span> 
     </span>
    </p>
   </div>
   <div class='ocr_carea' id='block_1_2' title="bbox 336 677 480 731">
    <p class='ocr_par' dir='ltr' id='par_1_2' title="bbox 336 677 480 731">
     <span class='ocr_line' id='line_1_2' title="bbox 336 677 480 731; baseline 0.014 -2"><span class='ocrx_word' id='word_1_2' title='bbox 336 677 480 731; x_wconf 76' lang='lat' dir='ltr'><strong>Philonis,</strong></span> 
     </span>
    </p>
   </div>
   <div class='ocr_carea' id='block_1_3' title="bbox 137 763 681 1538">
    <p class='ocr_par' dir='ltr' id='par_1_3' title="bbox 137 763 681 1538">
     <span class='ocr_line' id='line_1_3' title="bbox 138 763 680 848; baseline 0.002 -20"><span class='ocrx_word' id='word_1_3' title='bbox 138 778 217 834; x_wconf 82' lang='grc' dir='ltr'><em>νάδος</em></span> <span class='ocrx_word' id='word_1_4' title='bbox 236 778 302 848; x_wconf 81' lang='grc' dir='ltr'><em>άχρι</em></span> <span class='ocrx_word' id='word_1_5' title='bbox 322 763 443 846; x_wconf 87' lang='grc' dir='ltr'><em>τετράδος</em></span> <span class='ocrx_word' id='word_1_6' title='bbox 455 779 513 843; x_wconf 71' lang='grc' dir='ltr'><em>ἑξῆς</em></span> <span class='ocrx_word' id='word_1_7' title='bbox 525 785 680 832; x_wconf 74' lang='grc' dir='ltr'><em>συντεόεῑεν</em></span> 
     </span>
     <span class='ocr_line' id='line_1_4' title="bbox 139 853 611 940; baseline 0.007 -26"><span class='ocrx_word' id='word_1_8' title='bbox 139 864 262 934; x_wconf 70' lang='grc' dir='ltr'><em>άριίίμοί,</em></span> <span class='ocrx_word' id='word_1_9' title='bbox 291 853 393 940; x_wconf 65' lang='grc' dir='ltr'><em>δεκάδα</em></span> <span class='ocrx_word' id='word_1_10' title='bbox 414 866 611 934; x_wconf 70' lang='grc' dir='ltr'><em>γεννὴσουσινλ)</em></span> 
     </span>
     <span class='ocr_line' id='line_1_5' title="bbox 140 941 679 1022; baseline 0.009 -19"><span class='ocrx_word' id='word_1_11' title='bbox 140 949 262 1021; x_wconf 81' lang='grc' dir='ltr'><em>Περιέχει</em></span> <span class='ocrx_word' id='word_1_12' title='bbox 281 950 322 1015; x_wconf 86' lang='grc' dir='ltr'><em>δὴ</em></span> <span class='ocrx_word' id='word_1_13' title='bbox 340 941 430 1021; x_wconf 81' lang='grc' dir='ltr'><em>τετράς</em></span> <span class='ocrx_word' id='word_1_14' title='bbox 447 951 493 1004; x_wconf 84' lang='grc' dir='ltr'><em>καί</em></span> <span class='ocrx_word' id='word_1_15' title='bbox 510 953 568 1008; x_wconf 79' lang='grc' dir='ltr'><em>τούς</em></span> <span class='ocrx_word' id='word_1_16' title='bbox 586 955 679 1022; x_wconf 87' lang='grc' dir='ltr'><em>λόγους</em></span> 
     </span>
     <span class='ocr_line' id='line_1_6' title="bbox 137 1037 679 1106; baseline 0.004 -16"><span class='ocrx_word' id='word_1_17' title='bbox 137 1041 190 1090; x_wconf 87' lang='grc' dir='ltr'><em>τῶν</em></span> <span class='ocrx_word' id='word_1_18' title='bbox 207 1037 274 1089; x_wconf 86' lang='grc' dir='ltr'><em>κατά</em></span> <span class='ocrx_word' id='word_1_19' title='bbox 291 1037 421 1106; x_wconf 86' lang='grc' dir='ltr'><em>μουσικὴν</em></span> <span class='ocrx_word' id='word_1_20' title='bbox 439 1043 615 1106; x_wconf 74' lang='grc' dir='ltr'><em>συμφωνιῶν,</em></span> <span class='ocrx_word' id='word_1_21' title='bbox 636 1044 679 1105; x_wconf 74' lang='grc' dir='ltr'><em>τῆς</em></span> 
     </span>
     <span class='ocr_line' id='line_1_7' title="bbox 137 1122 679 1192; baseline 0.006 -17"><span class='ocrx_word' id='word_1_22' title='bbox 137 1140 164 1175; x_wconf 92' lang='grc' dir='ltr'><em>τε</em></span> <span class='ocrx_word' id='word_1_23' title='bbox 182 1122 226 1175; x_wconf 87' lang='grc' dir='ltr'><em>διά</em></span> <span class='ocrx_word' id='word_1_24' title='bbox 244 1122 374 1192; x_wconf 78' lang='grc' dir='ltr'><em>τεττάρων</em></span> <span class='ocrx_word' id='word_1_25' title='bbox 400 1123 447 1175; x_wconf 85' lang='grc' dir='ltr'><em>καί</em></span> <span class='ocrx_word' id='word_1_26' title='bbox 475 1123 518 1176; x_wconf 85' lang='grc' dir='ltr'><em>διά</em></span> <span class='ocrx_word' id='word_1_27' title='bbox 538 1122 616 1178; x_wconf 78' lang='grc' dir='ltr'><em>πέντε</em></span> <span class='ocrx_word' id='word_1_28' title='bbox 634 1127 679 1178; x_wconf 87' lang='grc' dir='ltr'><em>καὶ</em></span> 
     </span>
     <span class='ocr_line' id='line_1_8' title="bbox 139 1207 680 1278; baseline 0.007 -18"><span class='ocrx_word' id='word_1_29' title='bbox 139 1207 183 1260; x_wconf 88' lang='grc' dir='ltr'><em>διά</em></span> <span class='ocrx_word' id='word_1_30' title='bbox 202 1211 298 1260; x_wconf 92' lang='grc' dir='ltr'><em>πασῶν</em></span> <span class='ocrx_word' id='word_1_31' title='bbox 315 1207 361 1260; x_wconf 80' lang='grc' dir='ltr'><em>καί</em></span> <span class='ocrx_word' id='word_1_32' title='bbox 380 1207 486 1278; x_wconf 78' lang='grc' dir='ltr'><em>προσέτι</em></span> <span class='ocrx_word' id='word_1_33' title='bbox 505 1209 546 1266; x_wconf 81' lang='grc' dir='ltr'><em>δίς</em></span> <span class='ocrx_word' id='word_1_34' title='bbox 564 1211 608 1264; x_wconf 83' lang='grc' dir='ltr'><em>διά</em></span> <span class='ocrx_word' id='word_1_35' title='bbox 628 1232 680 1264; x_wconf 93' lang='grc' dir='ltr'><em>πα-</em></span> 
     </span>
     <span class='ocr_line' id='line_1_9' title="bbox 137 1287 681 1364; baseline 0.009 -18"><span class='ocrx_word' id='word_1_36' title='bbox 137 1297 202 1359; x_wconf 87' lang='grc' dir='ltr'><em>σῶν,</em></span> <span class='ocrx_word' id='word_1_37' title='bbox 229 1293 258 1356; x_wconf 73' lang='grc' dir='ltr'><em>ἐξ</em></span> <span class='ocrx_word' id='word_1_38' title='bbox 282 1287 322 1347; x_wconf 86' lang='grc' dir='ltr'><em>ῶν</em></span> <span class='ocrx_word' id='word_1_39' title='bbox 339 1293 459 1364; x_wconf 80' lang='grc' dir='ltr'><em>σύστημα</em></span> <span class='ocrx_word' id='word_1_40' title='bbox 477 1296 504 1349; x_wconf 85' lang='grc' dir='ltr'><em>τό</em></span> <span class='ocrx_word' id='word_1_41' title='bbox 522 1299 681 1352; x_wconf 73' lang='grc' dir='ltr'><em>τελειότατον</em></span> 
     </span>
     <span class='ocr_line' id='line_1_10' title="bbox 139 1377 680 1451; baseline 0.009 -20"><span class='ocrx_word' id='word_1_42' title='bbox 139 1377 328 1449; x_wconf 76' lang='grc' dir='ltr'><em>άπογεννιῖται·</em></span> <span class='ocrx_word' id='word_1_43' title='bbox 356 1383 399 1444; x_wconf 85' lang='grc' dir='ltr'><em>τὴς</em></span> <span class='ocrx_word' id='word_1_44' title='bbox 420 1381 474 1451; x_wconf 83' lang='grc' dir='ltr'><em>μὲν</em></span> <span class='ocrx_word' id='word_1_45' title='bbox 491 1382 545 1451; x_wconf 87' lang='grc' dir='ltr'><em>γάρ</em></span> <span class='ocrx_word' id='word_1_46' title='bbox 564 1383 608 1435; x_wconf 88' lang='grc' dir='ltr'><em>διά</em></span> <span class='ocrx_word' id='word_1_47' title='bbox 626 1401 680 1436; x_wconf 88' lang='grc' dir='ltr'><em>τετ-</em></span> 
     </span>
     <span class='ocr_line' id='line_1_11' title="bbox 138 1463 680 1538; baseline 0.006 -20"><span class='ocrx_word' id='word_1_48' title='bbox 138 1467 254 1535; x_wconf 84' lang='grc' dir='ltr'><em>τάρωνό</em></span> <span class='ocrx_word' id='word_1_49' title='bbox 273 1469 349 1537; x_wconf 86' lang='grc' dir='ltr'><em>λόγος</em></span> <span class='ocrx_word' id='word_1_50' title='bbox 366 1463 502 1538; x_wconf 76' lang='grc' dir='ltr'><em>ἐπίτριτος,</em></span> <span class='ocrx_word' id='word_1_51' title='bbox 520 1470 564 1533; x_wconf 87' lang='grc' dir='ltr'><em>τὴς</em></span> <span class='ocrx_word' id='word_1_52' title='bbox 585 1469 616 1524; x_wconf 83' lang='grc' dir='ltr'><em>δὲ</em></span> <span class='ocrx_word' id='word_1_53' title='bbox 635 1469 680 1522; x_wconf 84' lang='grc' dir='ltr'><em>διά</em></span> 
     </span>
    </p>
   </div>
   <div class='ocr_carea' id='block_1_4' title="bbox 932 677 1071 732">
    <p class='ocr_par' dir='ltr' id='par_1_4' title="bbox 932 677 1071 732">
     <span class='ocr_line' id='line_1_12' title="bbox 932 677 1071 732; baseline 0.007 -3"><span class='ocrx_word' id='word_1_54' title='bbox 932 677 1071 732; x_wconf 85' lang='lat' dir='ltr'><strong>Anatolii.</strong></span> 
     </span>
    </p>
   </div>
   <div class='ocr_carea' id='block_1_5' title="bbox 728 778 1274 1367">
    <p class='ocr_par' dir='ltr' id='par_1_5' title="bbox 732 778 1272 937">
     <span class='ocr_line' id='line_1_13' title="bbox 732 778 1272 850; baseline 0.002 -19"><span class='ocrx_word' id='word_1_55' title='bbox 732 780 812 836; x_wconf 89' lang='grc' dir='ltr'><em>νάδος</em></span> <span class='ocrx_word' id='word_1_56' title='bbox 846 778 931 850; x_wconf 75' lang='grc' dir='ltr'><em>μέχρι</em></span> <span class='ocrx_word' id='word_1_57' title='bbox 965 780 1088 848; x_wconf 72' lang='grc' dir='ltr'><em>τετράδος</em></span> <span class='ocrx_word' id='word_1_58' title='bbox 1123 783 1169 835; x_wconf 88' lang='grc' dir='ltr'><em>τόν</em></span> <span class='ocrx_word' id='word_1_59' title='bbox 1206 780 1272 834; x_wconf 80' lang='grc' dir='ltr'><em>δέκα</em></span> 
     </span>
     <span class='ocr_line' id='line_1_14' title="bbox 733 864 1271 937; baseline 0.002 -18"><span class='ocrx_word' id='word_1_60' title='bbox 733 871 837 921; x_wconf 84' lang='grc' dir='ltr'><em>ποιοῦσι</em></span> <span class='ocrx_word' id='word_1_61' title='bbox 850 865 1017 934; x_wconf 89' lang='grc' dir='ltr'><em>κτιλούμενον</em></span> <span class='ocrx_word' id='word_1_62' title='bbox 1028 864 1126 920; x_wconf 80' lang='grc' dir='ltr'><em>τέλειον</em></span> <span class='ocrx_word' id='word_1_63' title='bbox 1139 865 1271 937; x_wconf 75' lang='grc' dir='ltr'><em>άριδμόν.</em></span> 
     </span>
    </p>

    <p class='ocr_par' dir='ltr' id='par_1_6' title="bbox 728 949 1274 1367">
     <span class='ocr_line' id='line_1_15' title="bbox 767 949 1273 1023; baseline -0.004 -17"><span class='ocrx_word' id='word_1_64' title='bbox 767 955 806 1007; x_wconf 81' lang='lat'><em>14.</em></span> <span class='ocrx_word' id='word_1_65' title='bbox 835 953 911 1005; x_wconf 84' lang='grc' dir='ltr'><em>δοκεῖ</em></span> <span class='ocrx_word' id='word_1_66' title='bbox 935 950 966 1004; x_wconf 88' lang='grc' dir='ltr'><em>δὲ</em></span> <span class='ocrx_word' id='word_1_67' title='bbox 992 949 1086 1008; x_wconf 74' lang='grc' dir='ltr'><em>τέλειος</em></span> <span class='ocrx_word' id='word_1_68' title='bbox 1105 953 1224 1023; x_wconf 76' lang='grc' dir='ltr'><em>ἁρμονία</em></span> <span class='ocrx_word' id='word_1_69' title='bbox 1241 949 1273 1007; x_wconf 83' lang='grc' dir='ltr'><em>ἕν</em></span> 
     </span>
     <span class='ocr_line' id='line_1_16' title="bbox 731 1038 1272 1109; baseline 0 -19"><span class='ocrx_word' id='word_1_70' title='bbox 731 1039 798 1108; x_wconf 85' lang='grc' dir='ltr'><em>τρισί</em></span> <span class='ocrx_word' id='word_1_71' title='bbox 817 1039 988 1107; x_wconf 76' lang='grc' dir='ltr'><em>συμφωνίαις</em></span> <span class='ocrx_word' id='word_1_72' title='bbox 1008 1038 1165 1109; x_wconf 85' lang='grc' dir='ltr'><em>ύφεστιίνιιι,</em></span> <span class='ocrx_word' id='word_1_73' title='bbox 1183 1042 1215 1107; x_wconf 76' lang='grc' dir='ltr'><em>τῇ</em></span> <span class='ocrx_word' id='word_1_74' title='bbox 1228 1039 1272 1090; x_wconf 90' lang='grc' dir='ltr'><em>διά</em></span> 
     </span>
     <span class='ocr_line' id='line_1_17' title="bbox 731 1120 1272 1196; baseline -0.004 -19"><span class='ocrx_word' id='word_1_75' title='bbox 731 1125 765 1190; x_wconf 91' lang='grc' dir='ltr'><em>δ’,</em></span> <span class='ocrx_word' id='word_1_76' title='bbox 794 1123 846 1189; x_wconf 89' lang='grc' dir='ltr'><em>ἡτις</em></span> <span class='ocrx_word' id='word_1_77' title='bbox 876 1120 907 1180; x_wconf 84' lang='grc' dir='ltr'><em>ἑν</em></span> <span class='ocrx_word' id='word_1_78' title='bbox 935 1125 1059 1196; x_wconf 78' lang='grc' dir='ltr'><em>ἐπιτρίτῳ</em></span> <span class='ocrx_word' id='word_1_79' title='bbox 1083 1131 1166 1178; x_wconf 86' lang='grc' dir='ltr'><em>κεῖται</em></span> <span class='ocrx_word' id='word_1_80' title='bbox 1194 1125 1272 1193; x_wconf 87' lang='grc' dir='ltr'><em>λόγῳ,</em></span> 
     </span>
     <span class='ocr_line' id='line_1_18' title="bbox 729 1211 1274 1284; baseline -0.007 -20"><span class='ocrx_word' id='word_1_81' title='bbox 729 1215 760 1281; x_wconf 70' lang='grc' dir='ltr'><em>τῇ</em></span> <span class='ocrx_word' id='word_1_82' title='bbox 779 1211 824 1264; x_wconf 86' lang='grc' dir='ltr'><em>διά</em></span> <span class='ocrx_word' id='word_1_83' title='bbox 842 1212 865 1264; x_wconf 87' lang='grc' dir='ltr'><em>ε’</em></span> <span class='ocrx_word' id='word_1_84' title='bbox 884 1211 915 1266; x_wconf 76' lang='grc' dir='ltr'><em>ἓν</em></span> <span class='ocrx_word' id='word_1_85' title='bbox 933 1211 1052 1284; x_wconf 85' lang='grc' dir='ltr'><em>ἡμιολίῳ,</em></span> <span class='ocrx_word' id='word_1_86' title='bbox 1071 1214 1103 1282; x_wconf 75' lang='grc' dir='ltr'><em>τῇ</em></span> <span class='ocrx_word' id='word_1_87' title='bbox 1120 1211 1164 1263; x_wconf 83' lang='grc' dir='ltr'><em>διά</em></span> <span class='ocrx_word' id='word_1_88' title='bbox 1178 1211 1274 1262; x_wconf 86' lang='grc' dir='ltr'><em>πασῶν</em></span> 
     </span>
     <span class='ocr_line' id='line_1_19' title="bbox 728 1291 1030 1367; baseline 0.01 -18"><span class='ocrx_word' id='word_1_89' title='bbox 728 1291 761 1350; x_wconf 84' lang='grc' dir='ltr'><em>ἐν</em></span> <span class='ocrx_word' id='word_1_90' title='bbox 779 1297 964 1367; x_wconf 65' lang='grc' dir='ltr'><em>διπλασίονιλ).</em></span> <span class='ocrx_word' id='word_1_91' title='bbox 975 1306 990 1352; x_wconf 85' lang='grc'><em>’.</em></span> <span class='ocrx_word' id='word_1_92' title='bbox 1005 1339 1010 1352; x_wconf 94' lang='grc'><strong>.</strong></span> <span class='ocrx_word' id='word_1_93' title='bbox 1025 1341 1030 1352; x_wconf 92' lang='grc'>.</span> 
     </span>
    </p>
   </div>
   <div class='ocr_carea' id='block_1_6' title="bbox 138 1551 744 1624">
    <p class='ocr_par' dir='ltr' id='par_1_7' title="bbox 138 1551 744 1624">
     <span class='ocr_line' id='line_1_20' title="bbox 138 1551 744 1624; baseline 0.012 -19"><span class='ocrx_word' id='word_1_94' title='bbox 138 1551 216 1606; x_wconf 79' lang='grc' dir='ltr'><em>πέντε</em></span> <span class='ocrx_word' id='word_1_95' title='bbox 241 1554 364 1624; x_wconf 90' lang='grc' dir='ltr'><em>ἡμιόλιος,</em></span> <span class='ocrx_word' id='word_1_96' title='bbox 401 1555 537 1612; x_wconf 89' lang='grc' dir='ltr'><em>διπλάσιος</em></span> <span class='ocrx_word' id='word_1_97' title='bbox 572 1554 603 1610; x_wconf 79' lang='grc' dir='ltr'><em>δὲ</em></span> <span class='ocrx_word' id='word_1_98' title='bbox 636 1558 680 1620; x_wconf 79' lang='grc' dir='ltr'><em>τῆς</em></span> <span class='ocrx_word' id='word_1_99' title='bbox 742 1574 744 1579; x_wconf 88' lang='grc'><strong><em>·</em></strong></span> 
     </span>
    </p>
   </div>
   <div class='ocr_carea' id='block_1_7' title="bbox 137 1639 682 2318">
    <p class='ocr_par' dir='ltr' id='par_1_8' title="bbox 137 1639 682 2318">
     <span class='ocr_line' id='line_1_21' title="bbox 139 1639 681 1712; baseline 0.018 -22"><span class='ocrx_word' id='word_1_100' title='bbox 139 1639 184 1691; x_wconf 88' lang='grc' dir='ltr'><em>διά</em></span> <span class='ocrx_word' id='word_1_101' title='bbox 202 1644 305 1707; x_wconf 89' lang='grc' dir='ltr'><em>πασῶν,</em></span> <span class='ocrx_word' id='word_1_102' title='bbox 325 1642 511 1712; x_wconf 84' lang='grc' dir='ltr'><em>τετραπλάσιος</em></span> <span class='ocrx_word' id='word_1_103' title='bbox 532 1642 562 1698; x_wconf 84' lang='grc' dir='ltr'><em>δὲ</em></span> <span class='ocrx_word' id='word_1_104' title='bbox 578 1645 622 1708; x_wconf 81' lang='grc' dir='ltr'><em>τῆς</em></span> <span class='ocrx_word' id='word_1_105' title='bbox 640 1642 681 1699; x_wconf 81' lang='grc' dir='ltr'><em>δίς</em></span> 
     </span>
     <span class='ocr_line' id='line_1_22' title="bbox 139 1724 680 1801; baseline 0.022 -25"><span class='ocrx_word' id='word_1_106' title='bbox 139 1724 183 1777; x_wconf 86' lang='grc' dir='ltr'><em>διοί</em></span> <span class='ocrx_word' id='word_1_107' title='bbox 210 1730 313 1793; x_wconf 90' lang='grc' dir='ltr'><em>πασῶν,</em></span> <span class='ocrx_word' id='word_1_108' title='bbox 342 1725 387 1785; x_wconf 81' lang='grc' dir='ltr'><em>οδς</em></span> <span class='ocrx_word' id='word_1_109' title='bbox 414 1727 534 1787; x_wconf 85' lang='grc' dir='ltr'><em>άπαντας</em></span> <span class='ocrx_word' id='word_1_110' title='bbox 557 1729 572 1796; x_wconf 92' lang='grc' dir='ltr'><em>ἡ</em></span> <span class='ocrx_word' id='word_1_111' title='bbox 591 1733 680 1801; x_wconf 85' lang='grc' dir='ltr'><em>τετράς</em></span> 
     </span>
     <span class='ocr_line' id='line_1_23' title="bbox 139 1810 682 1888; baseline 0.017 -24"><span class='ocrx_word' id='word_1_112' title='bbox 139 1810 196 1881; x_wconf 83' lang='grc' dir='ltr'><em>ἔχει</em></span> <span class='ocrx_word' id='word_1_113' title='bbox 214 1815 402 1883; x_wconf 73' lang='grc' dir='ltr'><em>περιλαβοῦσα,</em></span> <span class='ocrx_word' id='word_1_114' title='bbox 415 1815 461 1869; x_wconf 88' lang='grc' dir='ltr'><em>τόν</em></span> <span class='ocrx_word' id='word_1_115' title='bbox 480 1815 533 1885; x_wconf 82' lang='grc' dir='ltr'><em>μὲν</em></span> <span class='ocrx_word' id='word_1_116' title='bbox 550 1817 682 1888; x_wconf 79' lang='grc' dir='ltr'><em>ἐπίτριτον</em></span> 
     </span>
     <span class='ocr_line' id='line_1_24' title="bbox 137 1895 681 1973; baseline 0.004 -22"><span class='ocrx_word' id='word_1_117' title='bbox 137 1898 168 1951; x_wconf 89' lang='grc' dir='ltr'><em>ὲν</em></span> <span class='ocrx_word' id='word_1_118' title='bbox 184 1900 221 1970; x_wconf 81' lang='grc' dir='ltr'><em>τῷ</em></span> <span class='ocrx_word' id='word_1_119' title='bbox 242 1895 359 1968; x_wconf 83' lang='grc' dir='ltr'><em>τέσσαρα</em></span> <span class='ocrx_word' id='word_1_120' title='bbox 377 1903 443 1973; x_wconf 91' lang='grc' dir='ltr'><em>πρός</em></span> <span class='ocrx_word' id='word_1_121' title='bbox 462 1904 529 1972; x_wconf 92' lang='grc' dir='ltr'><em>τρία,</em></span> <span class='ocrx_word' id='word_1_122' title='bbox 552 1903 597 1955; x_wconf 87' lang='grc' dir='ltr'><em>τόν</em></span> <span class='ocrx_word' id='word_1_123' title='bbox 623 1903 681 1968; x_wconf 87' lang='grc' dir='ltr'><em>δ’ἡ-</em></span> 
     </span>
     <span class='ocr_line' id='line_1_25' title="bbox 137 1984 681 2058; baseline 0.017 -24"><span class='ocrx_word' id='word_1_124' title='bbox 137 1985 243 2054; x_wconf 91' lang='grc' dir='ltr'><em>μιόλιον</em></span> <span class='ocrx_word' id='word_1_125' title='bbox 267 1984 299 2040; x_wconf 78' lang='grc' dir='ltr'><em>ἓν</em></span> <span class='ocrx_word' id='word_1_126' title='bbox 324 1990 360 2058; x_wconf 77' lang='grc' dir='ltr'><em>τῷ</em></span> <span class='ocrx_word' id='word_1_127' title='bbox 385 1991 446 2058; x_wconf 90' lang='grc' dir='ltr'><em>τρία</em></span> <span class='ocrx_word' id='word_1_128' title='bbox 473 1987 539 2057; x_wconf 87' lang='grc' dir='ltr'><em>πρδς</em></span> <span class='ocrx_word' id='word_1_129' title='bbox 560 1989 616 2052; x_wconf 89' lang='grc' dir='ltr'><em>δύο,</em></span> <span class='ocrx_word' id='word_1_130' title='bbox 635 1992 681 2043; x_wconf 84' lang='grc' dir='ltr'><em>τόν</em></span> 
     </span>
     <span class='ocr_line' id='line_1_26' title="bbox 139 2069 682 2147; baseline 0.013 -26"><span class='ocrx_word' id='word_1_131' title='bbox 139 2069 170 2122; x_wconf 80' lang='grc' dir='ltr'><em>δὲ</em></span> <span class='ocrx_word' id='word_1_132' title='bbox 188 2069 329 2124; x_wconf 89' lang='grc' dir='ltr'><em>διπλάσιον</em></span> <span class='ocrx_word' id='word_1_133' title='bbox 355 2069 386 2128; x_wconf 85' lang='grc' dir='ltr'><em>ἐν</em></span> <span class='ocrx_word' id='word_1_134' title='bbox 409 2077 445 2147; x_wconf 76' lang='grc' dir='ltr'><em>τῷ</em></span> <span class='ocrx_word' id='word_1_135' title='bbox 464 2076 512 2129; x_wconf 89' lang='grc' dir='ltr'><em>δύο</em></span> <span class='ocrx_word' id='word_1_136' title='bbox 531 2076 597 2145; x_wconf 86' lang='grc' dir='ltr'><em>πρός</em></span> <span class='ocrx_word' id='word_1_137' title='bbox 616 2075 647 2130; x_wconf 78' lang='grc' dir='ltr'><em>ἓν</em></span> <span class='ocrx_word' id='word_1_138' title='bbox 665 2077 682 2141; x_wconf 88' lang='grc' dir='ltr'><em>ἡ</em></span> 
     </span>
     <span class='ocr_line' id='line_1_27' title="bbox 138 2152 680 2231; baseline 0.015 -25"><span class='ocrx_word' id='word_1_139' title='bbox 138 2152 253 2225; x_wconf 79' lang='grc' dir='ltr'><em>τέσσαρα</em></span> <span class='ocrx_word' id='word_1_140' title='bbox 280 2158 346 2228; x_wconf 89' lang='grc' dir='ltr'><em>πρός</em></span> <span class='ocrx_word' id='word_1_141' title='bbox 373 2160 429 2226; x_wconf 88' lang='grc' dir='ltr'><em>δύο,</em></span> <span class='ocrx_word' id='word_1_142' title='bbox 460 2163 505 2214; x_wconf 84' lang='grc' dir='ltr'><em>τόν</em></span> <span class='ocrx_word' id='word_1_143' title='bbox 535 2161 565 2215; x_wconf 81' lang='grc' dir='ltr'><em>δὲ</em></span> <span class='ocrx_word' id='word_1_144' title='bbox 591 2180 680 2231; x_wconf 89' lang='grc' dir='ltr'><em>τετρα-</em></span> 
     </span>
     <span class='ocr_line' id='line_1_28' title="bbox 138 2241 680 2318; baseline 0.022 -26"><span class='ocrx_word' id='word_1_145' title='bbox 138 2241 250 2294; x_wconf 92' lang='grc' dir='ltr'><em>πλάσιον</em></span> <span class='ocrx_word' id='word_1_146' title='bbox 266 2241 298 2297; x_wconf 78' lang='grc' dir='ltr'><em>ἓν</em></span> <span class='ocrx_word' id='word_1_147' title='bbox 315 2247 351 2318; x_wconf 79' lang='grc' dir='ltr'><em>τῷ</em></span> <span class='ocrx_word' id='word_1_148' title='bbox 367 2244 484 2318; x_wconf 76' lang='grc' dir='ltr'><em>τέσσαρα</em></span> <span class='ocrx_word' id='word_1_149' title='bbox 503 2268 569 2318; x_wconf 88' lang='grc' dir='ltr'><em>προς</em></span> <span class='ocrx_word' id='word_1_150' title='bbox 587 2247 617 2302; x_wconf 86' lang='grc' dir='ltr'><em>ἕν</em></span> <span class='ocrx_word' id='word_1_151' title='bbox 632 2290 637 2301; x_wconf 95' lang='grc'><em>.</em></span> <span class='ocrx_word' id='word_1_152' title='bbox 654 2292 680 2304; x_wconf 87' lang='grc'><em>..</em></span> 
     </span>
    </p>
   </div>
   <div class='ocr_carea' id='block_1_8' title="bbox 138 2413 681 2664">
    <p class='ocr_par' dir='ltr' id='par_1_9' title="bbox 138 2413 681 2664">
     <span class='ocr_line' id='line_1_29' title="bbox 138 2413 681 2491; baseline 0.017 -26"><span class='ocrx_word' id='word_1_153' title='bbox 138 2413 228 2481; x_wconf 83' lang='grc' dir='ltr'><em>πρῶτη</em></span> <span class='ocrx_word' id='word_1_154' title='bbox 254 2416 308 2486; x_wconf 77' lang='grc' dir='ltr'><em>γάρ</em></span> <span class='ocrx_word' id='word_1_155' title='bbox 335 2416 399 2482; x_wconf 78' lang='grc' dir='ltr'><em>αύτη</em></span> <span class='ocrx_word' id='word_1_156' title='bbox 426 2420 472 2483; x_wconf 81' lang='grc' dir='ltr'><em>τὴν</em></span> <span class='ocrx_word' id='word_1_157' title='bbox 499 2423 544 2473; x_wconf 84' lang='grc' dir='ltr'><em>τοῦ</em></span> <span class='ocrx_word' id='word_1_158' title='bbox 573 2423 681 2491; x_wconf 80' lang='grc' dir='ltr'><em>στερεοῦ</em></span> 
     </span>
     <span class='ocr_line' id='line_1_30' title="bbox 138 2500 680 2577; baseline 0.013 -25"><span class='ocrx_word' id='word_1_159' title='bbox 138 2500 221 2568; x_wconf 90' lang='grc' dir='ltr'><em>φύσιν</em></span> <span class='ocrx_word' id='word_1_160' title='bbox 238 2501 329 2567; x_wconf 77' lang='grc' dir='ltr'><em>ἔδειξε,</em></span> <span class='ocrx_word' id='word_1_161' title='bbox 356 2508 409 2557; x_wconf 90' lang='grc' dir='ltr'><em>τῶν</em></span> <span class='ocrx_word' id='word_1_162' title='bbox 431 2507 483 2576; x_wconf 85' lang='grc' dir='ltr'><em>πρό</em></span> <span class='ocrx_word' id='word_1_163' title='bbox 503 2506 581 2574; x_wconf 80' lang='grc' dir='ltr'><em>αὐτῆς</em></span> <span class='ocrx_word' id='word_1_164' title='bbox 599 2508 680 2577; x_wconf 73' lang='grc' dir='ltr'><em>άριθ-</em></span> 
     </span>
     <span class='ocr_line' id='line_1_31' title="bbox 138 2590 680 2664; baseline 0.02 -27"><span class='ocrx_word' id='word_1_165' title='bbox 138 2590 202 2656; x_wconf 90' lang='grc' dir='ltr'><em>μῶν</em></span> <span class='ocrx_word' id='word_1_166' title='bbox 226 2597 278 2645; x_wconf 86' lang='grc' dir='ltr'><em>τοῖς</em></span> <span class='ocrx_word' id='word_1_167' title='bbox 293 2590 453 2661; x_wconf 75' lang='grc' dir='ltr'><em>’ἀσωμάτοις</em></span> <span class='ocrx_word' id='word_1_168' title='bbox 480 2590 680 2664; x_wconf 72' lang='grc' dir='ltr'><em>ἀνακειμένων.</em></span> 
     </span>
    </p>
   </div>
   <div class='ocr_carea' id='block_1_9' title="bbox 731 1811 1294 2655">
    <p class='ocr_par' dir='ltr' id='par_1_10' title="bbox 731 1811 1294 2397">
     <span class='ocr_line' id='line_1_32' title="bbox 733 1811 1294 1883; baseline -0.004 -18"><span class='ocrx_word' id='word_1_169' title='bbox 733 1811 817 1879; x_wconf 84' lang='grc' dir='ltr'><em>όμὲν</em></span> <span class='ocrx_word' id='word_1_170' title='bbox 835 1813 861 1864; x_wconf 88' lang='grc' dir='ltr'><em>δ’</em></span> <span class='ocrx_word' id='word_1_171' title='bbox 879 1815 924 1865; x_wconf 76' lang='grc' dir='ltr'><em>τοῦ</em></span> <span class='ocrx_word' id='word_1_172' title='bbox 941 1813 968 1881; x_wconf 91' lang='grc' dir='ltr'><em>β’</em></span> <span class='ocrx_word' id='word_1_173' title='bbox 987 1812 1032 1864; x_wconf 88' lang='grc' dir='ltr'><em>καὶ</em></span> <span class='ocrx_word' id='word_1_174' title='bbox 1051 1813 1065 1865; x_wconf 86' lang='grc' dir='ltr'>ὁ</span> <span class='ocrx_word' id='word_1_175' title='bbox 1082 1812 1108 1882; x_wconf 88' lang='grc' dir='ltr'><em>β’</em></span> <span class='ocrx_word' id='word_1_176' title='bbox 1128 1815 1174 1865; x_wconf 79' lang='grc' dir='ltr'><em>τοῦ</em></span> <span class='ocrx_word' id='word_1_177' title='bbox 1188 1811 1215 1862; x_wconf 79' lang='grc' dir='ltr'><em>α’</em></span> <span class='ocrx_word' id='word_1_178' title='bbox 1233 1811 1294 1883; x_wconf 87' lang='grc' dir='ltr'><em>δι-Ι</em></span> 
     </span>
     <span class='ocr_line' id='line_1_33' title="bbox 732 1890 1273 1970; baseline -0.002 -19"><span class='ocrx_word' id='word_1_179' title='bbox 732 1898 848 1962; x_wconf 88' lang='grc' dir='ltr'><em>πλάσιος,</em></span> <span class='ocrx_word' id='word_1_180' title='bbox 876 1893 908 1951; x_wconf 79' lang='grc' dir='ltr'><em>ἑν</em></span> <span class='ocrx_word' id='word_1_181' title='bbox 934 1890 956 1970; x_wconf 70' lang='grc' dir='ltr'><em>ᾧ</em></span> <span class='ocrx_word' id='word_1_182' title='bbox 978 1904 1061 1950; x_wconf 83' lang='grc' dir='ltr'><em>κεῖται</em></span> <span class='ocrx_word' id='word_1_183' title='bbox 1080 1897 1094 1961; x_wconf 93' lang='grc' dir='ltr'><em>ἡ</em></span> <span class='ocrx_word' id='word_1_184' title='bbox 1113 1897 1158 1950; x_wconf 89' lang='grc' dir='ltr'><em>διά</em></span> <span class='ocrx_word' id='word_1_185' title='bbox 1177 1899 1273 1950; x_wconf 89' lang='grc' dir='ltr'><em>πασῶν</em></span> 
     </span>
     <span class='ocr_line' id='line_1_34' title="bbox 732 1982 1275 2055; baseline 0.007 -19"><span class='ocrx_word' id='word_1_186' title='bbox 732 1985 889 2055; x_wconf 91' lang='grc' dir='ltr'><em>συμφωνία,</em></span> <span class='ocrx_word' id='word_1_187' title='bbox 917 1982 931 2036; x_wconf 85' lang='grc' dir='ltr'><em>ό</em></span> <span class='ocrx_word' id='word_1_188' title='bbox 956 1982 987 2037; x_wconf 81' lang='grc' dir='ltr'><em>δὲ</em></span> <span class='ocrx_word' id='word_1_189' title='bbox 1003 1983 1032 2052; x_wconf 85' lang='lat' dir='ltr'><em>y‘</em></span> <span class='ocrx_word' id='word_1_190' title='bbox 1049 1986 1095 2037; x_wconf 80' lang='grc' dir='ltr'><em>τοῦ</em></span> <span class='ocrx_word' id='word_1_191' title='bbox 1112 1985 1139 2053; x_wconf 90' lang='grc' dir='ltr'><em>β’</em></span> <span class='ocrx_word' id='word_1_192' title='bbox 1159 1984 1275 2055; x_wconf 75' lang='grc' dir='ltr'><em>ἡμιόλιος</em></span> 
     </span>
     <span class='ocr_line' id='line_1_35' title="bbox 731 2065 1275 2140; baseline -0.002 -16"><span class='ocrx_word' id='word_1_193' title='bbox 731 2067 868 2140; x_wconf 83' lang='grc' dir='ltr'><em>περιέχων</em></span> <span class='ocrx_word' id='word_1_194' title='bbox 895 2065 976 2123; x_wconf 85' lang='grc' dir='ltr'><em>αύτόν</em></span> <span class='ocrx_word' id='word_1_195' title='bbox 1002 2068 1047 2121; x_wconf 85' lang='grc' dir='ltr'><em>καὶ</em></span> <span class='ocrx_word' id='word_1_196' title='bbox 1075 2069 1103 2121; x_wconf 86' lang='grc' dir='ltr'><em>τό</em></span> <span class='ocrx_word' id='word_1_197' title='bbox 1121 2067 1202 2138; x_wconf 85' lang='grc' dir='ltr'><em>ἡμισυ</em></span> <span class='ocrx_word' id='word_1_198' title='bbox 1227 2070 1275 2134; x_wconf 88' lang='grc' dir='ltr'><em>τὴν</em></span> 
     </span>
     <span class='ocr_line' id='line_1_36' title="bbox 732 2154 1275 2225; baseline -0.004 -16"><span class='ocrx_word' id='word_1_199' title='bbox 732 2157 775 2210; x_wconf 88' lang='grc' dir='ltr'><em>διά</em></span> <span class='ocrx_word' id='word_1_200' title='bbox 803 2154 882 2209; x_wconf 79' lang='grc' dir='ltr'><em>πέντε</em></span> <span class='ocrx_word' id='word_1_201' title='bbox 909 2155 1075 2225; x_wconf 81' lang='grc' dir='ltr'><em>σνμφωνίαν</em></span> <span class='ocrx_word' id='word_1_202' title='bbox 1091 2154 1241 2225; x_wconf 74' lang='grc' dir='ltr'><em>ὑποβάλλει,</em></span> <span class='ocrx_word' id='word_1_203' title='bbox 1261 2156 1275 2208; x_wconf 84' lang='grc' dir='ltr'>ὁ</span> 
     </span>
     <span class='ocr_line' id='line_1_37' title="bbox 733 2235 1275 2314; baseline -0.007 -18"><span class='ocrx_word' id='word_1_204' title='bbox 733 2241 763 2296; x_wconf 82' lang='grc' dir='ltr'><em>δὲ</em></span> <span class='ocrx_word' id='word_1_205' title='bbox 782 2242 808 2295; x_wconf 87' lang='grc' dir='ltr'><em>δ’</em></span> <span class='ocrx_word' id='word_1_206' title='bbox 834 2244 880 2294; x_wconf 77' lang='grc' dir='ltr'><em>τοῦ</em></span> <span class='ocrx_word' id='word_1_207' title='bbox 897 2241 926 2311; x_wconf 81' lang='grc' dir='ltr'><em>γ’</em></span> <span class='ocrx_word' id='word_1_208' title='bbox 945 2240 1080 2310; x_wconf 74' lang='grc' dir='ltr'><em>ἐπίτριτος,</em></span> <span class='ocrx_word' id='word_1_209' title='bbox 1103 2239 1134 2295; x_wconf 76' lang='grc' dir='ltr'><em>ἒν</em></span> <span class='ocrx_word' id='word_1_210' title='bbox 1152 2235 1176 2314; x_wconf 76' lang='grc' dir='ltr'>ρῖ</span> <span class='ocrx_word' id='word_1_211' title='bbox 1194 2241 1208 2305; x_wconf 89' lang='grc' dir='ltr'><em>ἡ</em></span> <span class='ocrx_word' id='word_1_212' title='bbox 1230 2242 1275 2294; x_wconf 83' lang='grc' dir='ltr'><em>διιί</em></span> 
     </span>
     <span class='ocr_line' id='line_1_38' title="bbox 734 2328 936 2397; baseline -0.005 -16"><span class='ocrx_word' id='word_1_213' title='bbox 734 2328 759 2381; x_wconf 80' lang='grc' dir='ltr'><em>δ’</em></span> <span class='ocrx_word' id='word_1_214' title='bbox 777 2328 936 2397; x_wconf 80' lang='grc' dir='ltr'><em>συμφωνία.</em></span> 
     </span>
    </p>

    <p class='ocr_par' dir='ltr' id='par_1_11' title="bbox 733 2413 1276 2655">
     <span class='ocr_line' id='line_1_39' title="bbox 766 2413 1276 2482; baseline -0.006 -14"><span class='ocrx_word' id='word_1_215' title='bbox 766 2417 790 2468; x_wconf 88' lang='grc'><em>3.</em></span> <span class='ocrx_word' id='word_1_216' title='bbox 832 2416 951 2482; x_wconf 91' lang='grc' dir='ltr'><em>πρῶτοςΙ</em></span> <span class='ocrx_word' id='word_1_217' title='bbox 969 2413 1052 2476; x_wconf 78' lang='grc' dir='ltr'><em>ἔδειξε</em></span> <span class='ocrx_word' id='word_1_218' title='bbox 1086 2414 1133 2477; x_wconf 86' lang='grc' dir='ltr'><em>τὴν</em></span> <span class='ocrx_word' id='word_1_219' title='bbox 1169 2415 1276 2482; x_wconf 80' lang='grc' dir='ltr'><em>στερεοῦ</em></span> 
     </span>
     <span class='ocr_line' id='line_1_40' title="bbox 733 2501 829 2571; baseline -0.021 -17"><span class='ocrx_word' id='word_1_220' title='bbox 733 2501 829 2571; x_wconf 89' lang='grc' dir='ltr'><em>φύσιν·</em></span> 
     </span>
     <span class='ocr_line' id='line_1_41' title="bbox 733 2587 925 2655; baseline -0.01 -17"><span class='ocrx_word' id='word_1_221' title='bbox 733 2594 845 2655; x_wconf 79' lang='grc' dir='ltr'><em>σημεῖον</em></span> <span class='ocrx_word' id='word_1_222' title='bbox 862 2587 925 2655; x_wconf 80' lang='grc' dir='ltr'><em>γάρ,</em></span> 
     </span>
    </p>
   </div>
   <div class='ocr_carea' id='block_1_10' title="bbox 138 2674 747 2746">
    <p class='ocr_par' dir='ltr' id='par_1_12' title="bbox 138 2674 747 2746">
     <span class='ocr_line' id='line_1_42' title="bbox 138 2674 747 2746; baseline 0.013 -22"><span class='ocrx_word' id='word_1_223' title='bbox 138 2675 204 2726; x_wconf 83' lang='grc' dir='ltr'><em>κατά</em></span> <span class='ocrx_word' id='word_1_224' title='bbox 221 2674 274 2734; x_wconf 84' lang='grc' dir='ltr'><em>μὲν</em></span> <span class='ocrx_word' id='word_1_225' title='bbox 291 2679 346 2746; x_wconf 78' lang='grc' dir='ltr'><em>γάρ</em></span> <span class='ocrx_word' id='word_1_226' title='bbox 364 2678 392 2732; x_wconf 88' lang='grc' dir='ltr'><em>τό</em></span> <span class='ocrx_word' id='word_1_227' title='bbox 410 2677 442 2733; x_wconf 76' lang='grc' dir='ltr'><em>ἓν</em></span> <span class='ocrx_word' id='word_1_228' title='bbox 459 2679 573 2733; x_wconf 84' lang='grc' dir='ltr'><em>τάττεται</em></span> <span class='ocrx_word' id='word_1_229' title='bbox 591 2681 618 2732; x_wconf 86' lang='grc' dir='ltr'><em>τό</em></span> <span class='ocrx_word' id='word_1_230' title='bbox 638 2680 680 2732; x_wconf 82' lang='grc' dir='ltr'><em>λε·</em></span> <span class='ocrx_word' id='word_1_231' title='bbox 744 2707 747 2710; x_wconf 95' lang='grc'>-</span> 
     </span>
    </p>
   </div>
   <div class='ocr_carea' id='block_1_11' title="bbox 136 2760 682 3265">
    <p class='ocr_par' dir='ltr' id='par_1_13' title="bbox 136 2760 682 3265">
     <span class='ocr_line' id='line_1_43' title="bbox 138 2760 680 2836; baseline 0.009 -25"><span class='ocrx_word' id='word_1_232' title='bbox 138 2760 256 2830; x_wconf 79' lang='grc' dir='ltr'><em>γόμενον</em></span> <span class='ocrx_word' id='word_1_233' title='bbox 267 2761 298 2816; x_wconf 81' lang='grc' dir='ltr'><em>ὲν</em></span> <span class='ocrx_word' id='word_1_234' title='bbox 309 2767 460 2836; x_wconf 80' lang='grc' dir='ltr'><em>γεωμετρία</em></span> <span class='ocrx_word' id='word_1_235' title='bbox 472 2773 591 2834; x_wconf 75' lang='grc' dir='ltr'><em>σημεῖον,</em></span> <span class='ocrx_word' id='word_1_236' title='bbox 614 2766 680 2818; x_wconf 87' lang='grc' dir='ltr'><em>κατά</em></span> 
     </span>
     <span class='ocr_line' id='line_1_44' title="bbox 139 2843 680 2922; baseline 0.009 -25"><span class='ocrx_word' id='word_1_237' title='bbox 139 2843 170 2898; x_wconf 82' lang='grc' dir='ltr'><em>δὲ</em></span> <span class='ocrx_word' id='word_1_238' title='bbox 187 2846 217 2897; x_wconf 86' lang='grc' dir='ltr'><em>τά</em></span> <span class='ocrx_word' id='word_1_239' title='bbox 236 2847 284 2902; x_wconf 82' lang='grc' dir='ltr'><em>δύο</em></span> <span class='ocrx_word' id='word_1_240' title='bbox 305 2852 429 2920; x_wconf 79' lang='grc' dir='ltr'><em>γραμμή·</em></span> <span class='ocrx_word' id='word_1_241' title='bbox 456 2852 569 2922; x_wconf 80' lang='grc' dir='ltr'><em>γραμμὴ</em></span> <span class='ocrx_word' id='word_1_242' title='bbox 598 2848 680 2904; x_wconf 82' lang='grc' dir='ltr'><em>δ’ἐστὶ</em></span> 
     </span>
     <span class='ocr_line' id='line_1_45' title="bbox 136 2930 681 3006; baseline 0.009 -22"><span class='ocrx_word' id='word_1_243' title='bbox 136 2936 220 3002; x_wconf 83' lang='grc' dir='ltr'><em>μὴκος</em></span> <span class='ocrx_word' id='word_1_244' title='bbox 247 2930 372 2992; x_wconf 81' lang='grc' dir='ltr'><em>άπλατές·</em></span> <span class='ocrx_word' id='word_1_245' title='bbox 402 2939 514 2994; x_wconf 86' lang='grc' dir='ltr'><em>πλάτους</em></span> <span class='ocrx_word' id='word_1_246' title='bbox 540 2935 571 2990; x_wconf 83' lang='grc' dir='ltr'><em>δὲ</em></span> <span class='ocrx_word' id='word_1_247' title='bbox 597 2954 681 3006; x_wconf 91' lang='grc' dir='ltr'><em>προσ-</em></span> 
     </span>
     <span class='ocr_line' id='line_1_46' title="bbox 136 3018 681 3094; baseline 0.011 -24"><span class='ocrx_word' id='word_1_248' title='bbox 136 3018 284 3089; x_wconf 79' lang='grc' dir='ltr'><em>γενομένου</em></span> <span class='ocrx_word' id='word_1_249' title='bbox 302 3023 405 3091; x_wconf 79' lang='grc' dir='ltr'><em>γίνεται</em></span> <span class='ocrx_word' id='word_1_250' title='bbox 422 3019 579 3094; x_wconf 79' lang='grc' dir='ltr'><em>ἐπιφάνεια,</em></span> <span class='ocrx_word' id='word_1_251' title='bbox 606 3021 622 3087; x_wconf 89' lang='grc' dir='ltr'><em>ἡ</em></span> <span class='ocrx_word' id='word_1_252' title='bbox 640 3021 681 3076; x_wconf 84' lang='grc' dir='ltr'><em>τέ-</em></span> 
     </span>
     <span class='ocr_line' id='line_1_47' title="bbox 138 3107 682 3179; baseline 0.009 -23"><span class='ocrx_word' id='word_1_253' title='bbox 138 3123 226 3159; x_wconf 86' lang='grc' dir='ltr'><em>τακται</em></span> <span class='ocrx_word' id='word_1_254' title='bbox 246 3108 313 3160; x_wconf 87' lang='grc' dir='ltr'><em>κατά</em></span> <span class='ocrx_word' id='word_1_255' title='bbox 339 3109 446 3178; x_wconf 74' lang='grc' dir='ltr'><em>τριάδα</em></span> <span class='ocrx_word' id='word_1_256' title='bbox 474 3110 624 3179; x_wconf 80' lang='grc' dir='ltr'><em>ἐπιφανείᾳ</em></span> <span class='ocrx_word' id='word_1_257' title='bbox 651 3107 682 3161; x_wconf 82' lang='grc' dir='ltr'><em>δὲ</em></span> 
     </span>
     <span class='ocr_line' id='line_1_48' title="bbox 138 3192 682 3265; baseline 0.013 -22"><span class='ocrx_word' id='word_1_258' title='bbox 138 3192 204 3261; x_wconf 90' lang='grc' dir='ltr'><em>πρός</em></span> <span class='ocrx_word' id='word_1_259' title='bbox 228 3193 276 3258; x_wconf 87' lang='grc' dir='ltr'><em>τὴν</em></span> <span class='ocrx_word' id='word_1_260' title='bbox 300 3197 346 3247; x_wconf 79' lang='grc' dir='ltr'><em>τοῦ</em></span> <span class='ocrx_word' id='word_1_261' title='bbox 372 3199 480 3265; x_wconf 82' lang='grc' dir='ltr'><em>στερεοῦ</em></span> <span class='ocrx_word' id='word_1_262' title='bbox 507 3195 592 3264; x_wconf 85' lang='grc' dir='ltr'><em>φύσιν</em></span> <span class='ocrx_word' id='word_1_263' title='bbox 622 3193 682 3250; x_wconf 83' lang='grc' dir='ltr'><em>ἑνός</em></span> 
     </span>
    </p>
   </div>
   <div class='ocr_carea' id='block_1_12' title="bbox 732 2755 965 3000">
    <p class='ocr_par' dir='ltr' id='par_1_14' title="bbox 732 2755 965 3000">
     <span class='ocr_line' id='line_1_49' title="bbox 733 2755 928 2828; baseline -0.005 -17"><span class='ocrx_word' id='word_1_264' title='bbox 733 2755 788 2812; x_wconf 88' lang='grc' dir='ltr'><em>είτο</em></span> <span class='ocrx_word' id='word_1_265' title='bbox 806 2758 928 2828; x_wconf 78' lang='grc' dir='ltr'><em>γραμμή,</em></span> 
     </span>
     <span class='ocr_line' id='line_1_50' title="bbox 732 2926 965 3000; baseline -0.009 -16"><span class='ocrx_word' id='word_1_266' title='bbox 732 2926 790 2984; x_wconf 89' lang='grc' dir='ltr'><em>είτα</em></span> <span class='ocrx_word' id='word_1_267' title='bbox 807 2929 965 3000; x_wconf 83' lang='grc' dir='ltr'><em>ἐπιφάνεια,</em></span> 
     </span>
    </p>
   </div>
   <div class='ocr_carea' id='block_1_13' title="bbox 733 3104 1160 3177">
    <p class='ocr_par' dir='ltr' id='par_1_15' title="bbox 733 3104 1160 3177">
     <span class='ocr_line' id='line_1_51' title="bbox 733 3104 1160 3177; baseline -0.007 -16"><span class='ocrx_word' id='word_1_268' title='bbox 733 3104 790 3161; x_wconf 83' lang='grc' dir='ltr'><em>εἶτα</em></span> <span class='ocrx_word' id='word_1_269' title='bbox 808 3106 925 3177; x_wconf 82' lang='grc' dir='ltr'><em>στερεόν,</em></span> <span class='ocrx_word' id='word_1_270' title='bbox 944 3105 959 3160; x_wconf 83' lang='grc' dir='ltr'>ὅ</span> <span class='ocrx_word' id='word_1_271' title='bbox 978 3107 1032 3161; x_wconf 77' lang='grc' dir='ltr'><em>ἐστι</em></span> <span class='ocrx_word' id='word_1_272' title='bbox 1049 3108 1160 3176; x_wconf 64' lang='grc' dir='ltr'><em>σῶμαῧλ.</em></span> 
     </span>
    </p>
   </div>
   <div class='ocr_carea' id='block_1_14' title="bbox 226 3321 1312 3401">
    <p class='ocr_par' dir='ltr' id='par_1_16' title="bbox 226 3321 1312 3401">
     <span class='ocr_line' id='line_1_52' title="bbox 226 3321 1312 3401; baseline -0.003 -15"><span class='ocrx_word' id='word_1_273' title='bbox 226 3332 244 3399; x_wconf 88' lang='lat'><em>¹)</em></span> <span class='ocrx_word' id='word_1_274' title='bbox 264 3333 408 3387; x_wconf 82' lang='lat' dir='ltr'>Ordinem</span> <span class='ocrx_word' id='word_1_275' title='bbox 436 3351 547 3401; x_wconf 85' lang='lat' dir='ltr'>sequor</span> <span class='ocrx_word' id='word_1_276' title='bbox 575 3349 686 3399; x_wconf 83' lang='lat' dir='ltr'><strong>rerum,</strong></span> <span class='ocrx_word' id='word_1_277' title='bbox 715 3333 768 3401; x_wconf 92' lang='lat' dir='ltr'><em>qui</em></span> <span class='ocrx_word' id='word_1_278' title='bbox 795 3336 892 3386; x_wconf 82' lang='lat' dir='ltr'><strong>exstat</strong></span> <span class='ocrx_word' id='word_1_279' title='bbox 910 3331 991 3399; x_wconf 85' lang='lat' dir='ltr'>apud</span> <span class='ocrx_word' id='word_1_280' title='bbox 1010 3331 1179 3395; x_wconf 78' lang='lat' dir='ltr'>Philonem3</span> <span class='ocrx_word' id='word_1_281' title='bbox 1203 3347 1275 3398; x_wconf 88' lang='lat' dir='ltr'><strong>quo·</strong></span> <span class='ocrx_word' id='word_1_282' title='bbox 1310 3321 1312 3327; x_wconf 17' lang='grc' dir='ltr'><em>Α</em></span> 
     </span>
    </p>
   </div>
   <div class='ocr_carea' id='block_1_15' title="bbox 103 3416 1278 4524">
    <p class='ocr_par' dir='ltr' id='par_1_17' title="bbox 140 3416 1275 3486">
     <span class='ocr_line' id='line_1_53' title="bbox 140 3416 1275 3486; baseline 0.001 -18"><span class='ocrx_word' id='word_1_283' title='bbox 140 3417 228 3469; x_wconf 88' lang='lat' dir='ltr'><strong>modo</strong></span> <span class='ocrx_word' id='word_1_284' title='bbox 247 3431 297 3469; x_wconf 82' lang='lat' dir='ltr'><em>res</em></span> <span class='ocrx_word' id='word_1_285' title='bbox 316 3420 398 3485; x_wconf 88' lang='lat' dir='ltr'><strong>apud</strong></span> <span class='ocrx_word' id='word_1_286' title='bbox 411 3421 587 3474; x_wconf 79' lang='lat' dir='ltr'><strong>Anatolium</strong></span> <span class='ocrx_word' id='word_1_287' title='bbox 605 3437 637 3473; x_wconf 82' lang='lat' dir='ltr'><em>se</em></span> <span class='ocrx_word' id='word_1_288' title='bbox 657 3420 818 3486; x_wconf 80' lang='lat' dir='ltr'>excipiant,</span> <span class='ocrx_word' id='word_1_289' title='bbox 837 3419 972 3470; x_wconf 82' lang='lat' dir='ltr'>numeris</span> <span class='ocrx_word' id='word_1_290' title='bbox 984 3416 1135 3470; x_wconf 74' lang='lat' dir='ltr'><strong>adiunctis</strong></span> <span class='ocrx_word' id='word_1_291' title='bbox 1147 3421 1275 3470; x_wconf 79' lang='lat' dir='ltr'><strong>notatur.</strong></span> 
     </span>
    </p>

    <p class='ocr_par' dir='ltr' id='par_1_18' title="bbox 103 3500 1278 3836">
     <span class='ocr_line' id='line_1_54' title="bbox 224 3500 1275 3575; baseline 0 -19"><span class='ocrx_word' id='word_1_292' title='bbox 224 3503 244 3570; x_wconf 85' lang='grc'><em>2)</em></span> <span class='ocrx_word' id='word_1_293' title='bbox 263 3506 315 3558; x_wconf 82' lang='lat' dir='ltr'><strong>cfr.</strong></span> <span class='ocrx_word' id='word_1_294' title='bbox 333 3507 419 3560; x_wconf 81' lang='lat' dir='ltr'><strong>Alex.</strong></span> <span class='ocrx_word' id='word_1_295' title='bbox 439 3509 470 3560; x_wconf 92' lang='lat' dir='ltr'><em>in</em></span> <span class='ocrx_word' id='word_1_296' title='bbox 489 3506 617 3575; x_wconf 80' lang='lat' dir='ltr'><strong>Metaph.</strong></span> <span class='ocrx_word' id='word_1_297' title='bbox 635 3523 685 3574; x_wconf 84' lang='lat' dir='ltr'><em>pg.</em></span> <span class='ocrx_word' id='word_1_298' title='bbox 703 3507 788 3572; x_wconf 83' lang='lat'>39,19</span> <span class='ocrx_word' id='word_1_299' title='bbox 816 3505 977 3572; x_wconf 82' lang='lat' dir='ltr'><strong>Hayduek:</strong></span> <span class='ocrx_word' id='word_1_300' title='bbox 1007 3502 1074 3556; x_wconf 81' lang='grc' dir='ltr'><em>άλλιὶ</em></span> <span class='ocrx_word' id='word_1_301' title='bbox 1098 3500 1145 3554; x_wconf 82' lang='grc' dir='ltr'><em>καί</em></span> <span class='ocrx_word' id='word_1_302' title='bbox 1163 3504 1208 3558; x_wconf 79' lang='grc' dir='ltr'><em>τός</em></span> <span class='ocrx_word' id='word_1_303' title='bbox 1226 3502 1275 3572; x_wconf 77' lang='grc' dir='ltr'><em>ἆρ-</em></span> 
     </span>
     <span class='ocr_line' id='line_1_55' title="bbox 136 3584 1278 3663; baseline 0.001 -24"><span class='ocrx_word' id='word_1_304' title='bbox 136 3589 233 3656; x_wconf 83' lang='grc' dir='ltr'><em>μονίας</em></span> <span class='ocrx_word' id='word_1_305' title='bbox 258 3590 314 3642; x_wconf 90' lang='grc' dir='ltr'><em>κατ’</em></span> <span class='ocrx_word' id='word_1_306' title='bbox 342 3589 463 3661; x_wconf 74' lang='grc' dir='ltr'><em>άριόμόν</em></span> <span class='ocrx_word' id='word_1_307' title='bbox 489 3610 547 3644; x_wconf 91' lang='grc' dir='ltr'><em>τινα</em></span> <span class='ocrx_word' id='word_1_308' title='bbox 566 3590 679 3663; x_wconf 79' lang='grc' dir='ltr'><em>δρῶντες</em></span> <span class='ocrx_word' id='word_1_309' title='bbox 702 3589 880 3662; x_wconf 79' lang='grc' dir='ltr'><em>συγκειμένας</em></span> <span class='ocrx_word' id='word_1_310' title='bbox 897 3590 943 3643; x_wconf 83' lang='grc' dir='ltr'><em>καὶ</em></span> <span class='ocrx_word' id='word_1_311' title='bbox 961 3589 1060 3642; x_wconf 92' lang='grc' dir='ltr'><em>τούτων</em></span> <span class='ocrx_word' id='word_1_312' title='bbox 1079 3584 1167 3659; x_wconf 83' lang='grc' dir='ltr'><em>άρχάς</em></span> <span class='ocrx_word' id='word_1_313' title='bbox 1184 3587 1278 3657; x_wconf 81' lang='grc' dir='ltr'><em>ἔλεγον</em></span> 
     </span>
     <span class='ocr_line' id='line_1_56' title="bbox 136 3671 1277 3748; baseline 0 -22"><span class='ocrx_word' id='word_1_314' title='bbox 136 3673 195 3730; x_wconf 64' lang='lat' dir='ltr'><em>tofis</em></span> <span class='ocrx_word' id='word_1_315' title='bbox 222 3671 364 3746; x_wconf 73' lang='grc' dir='ltr'><em>ἀριθμούς·</em></span> <span class='ocrx_word' id='word_1_316' title='bbox 392 3677 406 3742; x_wconf 90' lang='grc' dir='ltr'><em>ἡ</em></span> <span class='ocrx_word' id='word_1_317' title='bbox 432 3676 486 3747; x_wconf 83' lang='grc' dir='ltr'><em>μὲν</em></span> <span class='ocrx_word' id='word_1_318' title='bbox 511 3679 566 3748; x_wconf 83' lang='grc' dir='ltr'><em>γάρ</em></span> <span class='ocrx_word' id='word_1_319' title='bbox 594 3679 638 3731; x_wconf 87' lang='grc' dir='ltr'><em>διά</em></span> <span class='ocrx_word' id='word_1_320' title='bbox 663 3681 759 3732; x_wconf 89' lang='grc' dir='ltr'><em>πασῶν</em></span> <span class='ocrx_word' id='word_1_321' title='bbox 777 3673 810 3731; x_wconf 82' lang='grc' dir='ltr'><em>ἐν</em></span> <span class='ocrx_word' id='word_1_322' title='bbox 827 3677 959 3746; x_wconf 87' lang='grc' dir='ltr'><em>διπλασίῳ</em></span> <span class='ocrx_word' id='word_1_323' title='bbox 977 3671 1032 3729; x_wconf 83' lang='grc' dir='ltr'><em>ε’στί</em></span> <span class='ocrx_word' id='word_1_324' title='bbox 1051 3674 1129 3747; x_wconf 85' lang='grc' dir='ltr'><em>λόγῳ,</em></span> <span class='ocrx_word' id='word_1_325' title='bbox 1150 3674 1164 3740; x_wconf 85' lang='grc' dir='ltr'><em>ἡ</em></span> <span class='ocrx_word' id='word_1_326' title='bbox 1184 3673 1214 3728; x_wconf 86' lang='grc' dir='ltr'><em>δὲ</em></span> <span class='ocrx_word' id='word_1_327' title='bbox 1232 3674 1277 3727; x_wconf 90' lang='grc' dir='ltr'><em>διά</em></span> 
     </span>
     <span class='ocr_line' id='line_1_57' title="bbox 103 3757 898 3836; baseline 0.005 -23"><span class='ocrx_word' id='word_1_328' title='bbox 103 3795 106 3803; x_wconf 82' lang='lat'><strong>.</strong></span> <span class='ocrx_word' id='word_1_329' title='bbox 137 3759 215 3815; x_wconf 80' lang='grc' dir='ltr'><em>πέντε</em></span> <span class='ocrx_word' id='word_1_330' title='bbox 233 3757 263 3816; x_wconf 80' lang='grc' dir='ltr'><em>ἓν</em></span> <span class='ocrx_word' id='word_1_331' title='bbox 280 3762 399 3836; x_wconf 85' lang='grc' dir='ltr'><em>ἡμιολίῳ,</em></span> <span class='ocrx_word' id='word_1_332' title='bbox 418 3765 433 3829; x_wconf 93' lang='grc' dir='ltr'><em>ἡ</em></span> <span class='ocrx_word' id='word_1_333' title='bbox 453 3765 484 3820; x_wconf 83' lang='grc' dir='ltr'><em>δὲ</em></span> <span class='ocrx_word' id='word_1_334' title='bbox 502 3765 546 3818; x_wconf 87' lang='grc' dir='ltr'><em>διά</em></span> <span class='ocrx_word' id='word_1_335' title='bbox 563 3766 702 3834; x_wconf 79' lang='grc' dir='ltr'><em>τεσσάρων</em></span> <span class='ocrx_word' id='word_1_336' title='bbox 720 3763 751 3817; x_wconf 87' lang='grc' dir='ltr'><em>ὲν</em></span> <span class='ocrx_word' id='word_1_337' title='bbox 769 3763 898 3834; x_wconf 72' lang='grc' dir='ltr'><em>ἐπιτρίτῳ.</em></span> 
     </span>
    </p>

    <p class='ocr_par' dir='ltr' id='par_1_19' title="bbox 136 3847 1278 4524">
     <span class='ocr_line' id='line_1_58' title="bbox 222 3847 1278 3920; baseline -0.001 -18"><span class='ocrx_word' id='word_1_338' title='bbox 222 3849 242 3918; x_wconf 79' lang='lat'><em>3)</em></span> <span class='ocrx_word' id='word_1_339' title='bbox 262 3852 313 3904; x_wconf 85' lang='lat' dir='ltr'><strong>cfr.</strong></span> <span class='ocrx_word' id='word_1_340' title='bbox 333 3853 409 3906; x_wconf 87' lang='lat' dir='ltr'><strong>Plut.</strong></span> <span class='ocrx_word' id='word_1_341' title='bbox 429 3853 465 3906; x_wconf 80' lang='lat' dir='ltr'><em>de</em></span> <span class='ocrx_word' id='word_1_342' title='bbox 484 3869 500 3906; x_wconf 83' lang='grc' dir='ltr'><em>ε</em></span> <span class='ocrx_word' id='word_1_343' title='bbox 519 3853 623 3920; x_wconf 83' lang='lat' dir='ltr'><strong>Delph.</strong></span> <span class='ocrx_word' id='word_1_344' title='bbox 642 3853 694 3906; x_wconf 86' lang='grc'><em>390</em></span> <span class='ocrx_word' id='word_1_345' title='bbox 713 3850 744 3903; x_wconf 83' lang='lat' dir='ltr'><em>O.</em></span> <span class='ocrx_word' id='word_1_346' title='bbox 771 3851 797 3902; x_wconf 81' lang='grc' dir='ltr'><em>οἱ</em></span> <span class='ocrx_word' id='word_1_347' title='bbox 823 3849 877 3919; x_wconf 79' lang='grc' dir='ltr'><em>γάρ</em></span> <span class='ocrx_word' id='word_1_348' title='bbox 900 3848 950 3911; x_wconf 86' lang='grc' dir='ltr'><em>τὴν</em></span> <span class='ocrx_word' id='word_1_349' title='bbox 967 3847 1082 3917; x_wconf 83' lang='grc' dir='ltr'><em>τετράδα</em></span> <span class='ocrx_word' id='word_1_350' title='bbox 1100 3847 1278 3919; x_wconf 74' lang='grc' dir='ltr'><em>σεμνύναντες</em></span> 
     </span>
     <span class='ocr_line' id='line_1_59' title="bbox 137 3931 1277 4009; baseline 0 -22"><span class='ocrx_word' id='word_1_351' title='bbox 137 3933 167 3988; x_wconf 86' lang='grc' dir='ltr'><em>ού</em></span> <span class='ocrx_word' id='word_1_352' title='bbox 190 3935 301 4004; x_wconf 77' lang='grc' dir='ltr'><em>φαύλως</em></span> <span class='ocrx_word' id='word_1_353' title='bbox 328 3937 508 4004; x_wconf 84' lang='grc' dir='ltr'><em>διδάσκουσιν,</em></span> <span class='ocrx_word' id='word_1_354' title='bbox 538 3937 576 3990; x_wconf 86' lang='grc' dir='ltr'><em>ότι</em></span> <span class='ocrx_word' id='word_1_355' title='bbox 602 3940 638 4009; x_wconf 80' lang='grc' dir='ltr'><em>τῶ</em></span> <span class='ocrx_word' id='word_1_356' title='bbox 660 3937 752 4000; x_wconf 78' lang='grc' dir='ltr'><em>ταύτης</em></span> <span class='ocrx_word' id='word_1_357' title='bbox 770 3935 839 4006; x_wconf 86' lang='grc' dir='ltr'><em>λόγῳ</em></span> <span class='ocrx_word' id='word_1_358' title='bbox 859 3937 915 3986; x_wconf 85' lang='grc' dir='ltr'><em>πάν</em></span> <span class='ocrx_word' id='word_1_359' title='bbox 934 3936 1014 4002; x_wconf 89' lang='grc' dir='ltr'><em>σῶμα</em></span> <span class='ocrx_word' id='word_1_360' title='bbox 1031 3931 1138 4002; x_wconf 76' lang='grc' dir='ltr'><em>γένεσιν</em></span> <span class='ocrx_word' id='word_1_361' title='bbox 1156 3932 1277 4002; x_wconf 74' lang='grc' dir='ltr'><em>ἔσχηκεν.</em></span> 
     </span>
     <span class='ocr_line' id='line_1_60' title="bbox 137 4019 1276 4094; baseline -0.004 -20"><span class='ocrx_word' id='word_1_362' title='bbox 137 4020 196 4076; x_wconf 79' lang='grc' dir='ltr'><em>ἐπεὶ</em></span> <span class='ocrx_word' id='word_1_363' title='bbox 224 4024 278 4092; x_wconf 81' lang='grc' dir='ltr'><em>γάρ</em></span> <span class='ocrx_word' id='word_1_364' title='bbox 306 4022 336 4076; x_wconf 85' lang='grc' dir='ltr'><em>ὲν</em></span> <span class='ocrx_word' id='word_1_365' title='bbox 361 4024 442 4094; x_wconf 85' lang='grc' dir='ltr'><em>μὴκει</em></span> <span class='ocrx_word' id='word_1_366' title='bbox 468 4024 515 4076; x_wconf 90' lang='grc' dir='ltr'><em>καί</em></span> <span class='ocrx_word' id='word_1_367' title='bbox 542 4025 633 4077; x_wconf 90' lang='grc' dir='ltr'><em>πλάτει</em></span> <span class='ocrx_word' id='word_1_368' title='bbox 658 4024 745 4093; x_wconf 72' lang='grc' dir='ltr'><em>βάθος</em></span> <span class='ocrx_word' id='word_1_369' title='bbox 771 4022 877 4091; x_wconf 77' lang='grc' dir='ltr'><em>λαβόντι</em></span> <span class='ocrx_word' id='word_1_370' title='bbox 903 4023 961 4074; x_wconf 83' lang='grc' dir='ltr'><em>πάν</em></span> <span class='ocrx_word' id='word_1_371' title='bbox 978 4020 1005 4073; x_wconf 92' lang='grc' dir='ltr'><em>τό</em></span> <span class='ocrx_word' id='word_1_372' title='bbox 1024 4021 1132 4090; x_wconf 87' lang='grc' dir='ltr'><em>στερεόν</em></span> <span class='ocrx_word' id='word_1_373' title='bbox 1149 4019 1211 4086; x_wconf 78' lang='grc' dir='ltr'><em>ἐστι,</em></span> <span class='ocrx_word' id='word_1_374' title='bbox 1230 4020 1276 4072; x_wconf 86' lang='grc' dir='ltr'><em>καὶ</em></span> 
     </span>
     <span class='ocr_line' id='line_1_61' title="bbox 136 4103 1276 4180; baseline -0.003 -19"><span class='ocrx_word' id='word_1_375' title='bbox 136 4108 236 4178; x_wconf 87' lang='grc' dir='ltr'><em>μὴκους</em></span> <span class='ocrx_word' id='word_1_376' title='bbox 252 4108 305 4178; x_wconf 79' lang='grc' dir='ltr'><em>μὲν</em></span> <span class='ocrx_word' id='word_1_377' title='bbox 322 4111 521 4180; x_wconf 86' lang='grc' dir='ltr'><em>προϋφίσταται</em></span> <span class='ocrx_word' id='word_1_378' title='bbox 536 4112 630 4180; x_wconf 82' lang='grc' dir='ltr'><em>στιγμὴ</em></span> <span class='ocrx_word' id='word_1_379' title='bbox 649 4111 715 4162; x_wconf 83' lang='grc' dir='ltr'><em>κατά</em></span> <span class='ocrx_word' id='word_1_380' title='bbox 727 4107 839 4179; x_wconf 87' lang='grc' dir='ltr'><em>μονάδα</em></span> <span class='ocrx_word' id='word_1_381' title='bbox 853 4103 1003 4175; x_wconf 79' lang='grc' dir='ltr'><em>ταττομένη,</em></span> <span class='ocrx_word' id='word_1_382' title='bbox 1022 4108 1106 4176; x_wconf 80' lang='grc' dir='ltr'><em>μῆκος</em></span> <span class='ocrx_word' id='word_1_383' title='bbox 1119 4105 1149 4160; x_wconf 85' lang='grc' dir='ltr'><em>δὲ</em></span> <span class='ocrx_word' id='word_1_384' title='bbox 1162 4106 1276 4162; x_wconf 81' lang='grc' dir='ltr'><em>ἄπλατος</em></span> 
     </span>
     <span class='ocr_line' id='line_1_62' title="bbox 137 4188 1276 4266; baseline 0.002 -18"><span class='ocrx_word' id='word_1_385' title='bbox 137 4194 152 4263; x_wconf 82' lang='grc' dir='ltr'><em>ἡ</em></span> <span class='ocrx_word' id='word_1_386' title='bbox 178 4195 292 4266; x_wconf 79' lang='grc' dir='ltr'><em>γραμμὴ</em></span> <span class='ocrx_word' id='word_1_387' title='bbox 315 4197 440 4262; x_wconf 86' lang='grc' dir='ltr'><em>καλεῖται,</em></span> <span class='ocrx_word' id='word_1_388' title='bbox 468 4196 534 4249; x_wconf 88' lang='grc' dir='ltr'><em>κατά</em></span> <span class='ocrx_word' id='word_1_389' title='bbox 562 4196 650 4250; x_wconf 88' lang='grc' dir='ltr'><em>δυάδα</em></span> <span class='ocrx_word' id='word_1_390' title='bbox 676 4195 756 4260; x_wconf 77' lang='grc' dir='ltr'><em>ἐστίν,</em></span> <span class='ocrx_word' id='word_1_391' title='bbox 782 4194 795 4258; x_wconf 89' lang='grc' dir='ltr'><em>ἡ</em></span> <span class='ocrx_word' id='word_1_392' title='bbox 816 4188 895 4247; x_wconf 82' lang='grc' dir='ltr'><em>δ’ἑπί</em></span> <span class='ocrx_word' id='word_1_393' title='bbox 913 4193 1008 4248; x_wconf 88' lang='grc' dir='ltr'><em>πλάτος</em></span> <span class='ocrx_word' id='word_1_394' title='bbox 1025 4196 1151 4264; x_wconf 82' lang='grc' dir='ltr'><em>γραμμῆς</em></span> <span class='ocrx_word' id='word_1_395' title='bbox 1169 4196 1276 4259; x_wconf 80' lang='grc' dir='ltr'><em>κίνησις,</em></span> 
     </span>
     <span class='ocr_line' id='line_1_63' title="bbox 136 4277 1276 4356; baseline -0.001 -21"><span class='ocrx_word' id='word_1_396' title='bbox 136 4283 299 4350; x_wconf 74' lang='grc' dir='ltr'><em>ἐπιφανείας</em></span> <span class='ocrx_word' id='word_1_397' title='bbox 324 4281 431 4352; x_wconf 76' lang='grc' dir='ltr'><em>γένεσιν</em></span> <span class='ocrx_word' id='word_1_398' title='bbox 458 4282 489 4337; x_wconf 84' lang='grc' dir='ltr'><em>ἐν</em></span> <span class='ocrx_word' id='word_1_399' title='bbox 514 4282 601 4353; x_wconf 86' lang='grc' dir='ltr'><em>τριάδι</em></span> <span class='ocrx_word' id='word_1_400' title='bbox 621 4279 751 4351; x_wconf 81' lang='grc' dir='ltr'><em>παρέσχε,</em></span> <span class='ocrx_word' id='word_1_401' title='bbox 773 4282 875 4356; x_wconf 77' lang='grc' dir='ltr'><em>βάθους</em></span> <span class='ocrx_word' id='word_1_402' title='bbox 894 4277 924 4332; x_wconf 84' lang='grc' dir='ltr'><em>δὲ</em></span> <span class='ocrx_word' id='word_1_403' title='bbox 942 4280 1038 4335; x_wconf 88' lang='grc' dir='ltr'><em>τούτοις</em></span> <span class='ocrx_word' id='word_1_404' title='bbox 1055 4281 1108 4345; x_wconf 79' lang='lat' dir='ltr'><strong>(ita</strong></span> <span class='ocrx_word' id='word_1_405' title='bbox 1127 4280 1276 4335; x_wconf 77' lang='lat' dir='ltr'><strong>Schwartz</strong></span> 
     </span>
     <span class='ocr_line' id='line_1_64' title="bbox 137 4366 1278 4437; baseline -0.004 -14"><span class='ocrx_word' id='word_1_406' title='bbox 137 4373 170 4423; x_wconf 90' lang='lat' dir='ltr'><em>in</em></span> <span class='ocrx_word' id='word_1_407' title='bbox 189 4371 258 4423; x_wconf 85' lang='lat' dir='ltr'><strong>add.</strong></span> <span class='ocrx_word' id='word_1_408' title='bbox 277 4371 346 4423; x_wconf 83' lang='lat' dir='ltr'><strong>edit.</strong></span> <span class='ocrx_word' id='word_1_409' title='bbox 365 4371 473 4436; x_wconf 78' lang='lat' dir='ltr'><strong>Paton)</strong></span> <span class='ocrx_word' id='word_1_410' title='bbox 501 4366 718 4437; x_wconf 81' lang='grc' dir='ltr'><em>προσγενομένου</em></span> <span class='ocrx_word' id='word_1_411' title='bbox 746 4367 790 4419; x_wconf 85' lang='grc' dir='ltr'><em>διά</em></span> <span class='ocrx_word' id='word_1_412' title='bbox 810 4368 941 4436; x_wconf 84' lang='grc' dir='ltr'><em>τεττάρων</em></span> <span class='ocrx_word' id='word_1_413' title='bbox 959 4368 1005 4422; x_wconf 80' lang='grc' dir='ltr'><em>εἰς’</em></span> <span class='ocrx_word' id='word_1_414' title='bbox 1015 4367 1122 4435; x_wconf 86' lang='grc' dir='ltr'><em>στερεόν</em></span> <span class='ocrx_word' id='word_1_415' title='bbox 1140 4367 1154 4429; x_wconf 90' lang='grc' dir='ltr'><em>ἡ</em></span> <span class='ocrx_word' id='word_1_416' title='bbox 1174 4367 1278 4430; x_wconf 70' lang='grc' dir='ltr'><em>αὔξησις</em></span> 
     </span>
     <span class='ocr_line' id='line_1_65' title="bbox 136 4456 285 4524; baseline 0.007 -15"><span class='ocrx_word' id='word_1_417' title='bbox 136 4456 285 4524; x_wconf 84' lang='grc' dir='ltr'><em>προβαίνει.</em></span> 
     </span>
    </p>
   </div>
   <div class='ocr_carea' id='block_1_16' title="bbox 0 0 1616 5166">
    <p class='ocr_par' dir='ltr' id='par_1_20' title="bbox 0 0 1616 5166">
     <span class='ocr_line' id='line_1_66' title="bbox 0 0 1616 5166; baseline 0 0"><span class='ocrx_word' id='word_1_418' title='bbox 0 0 1616 5166; x_wconf 95' lang='lat' dir='ltr'><em> </em></span> 
     </span>
    </p>
   </div>
  </div>
 </body>
</html>
