3222 5166
813 454 1002 514 ..2-

339 639 482 721 ογωγάς,
517 639 575 703 καὶ
610 635 701 702 ἄλλο
734 634 898 721 δείγματα
921 643 984 722 τῆς
1007 638 1087 720 περὶ
1113 635 1262 702 addaiu
1286 635 1410 721 σχολῆς
1433 659 1475 702 τε

339 742 447 807 αὐτοῦ
481 742 540 806 καὶ
573 739 811 822 πολυπειρίας.
855 741 986 806 Deinde
1022 745 1182 807 narratur
1215 759 1290 806 cum
1319 741 1472 806 aTheo-

337 851 434 911 tecno
450 847 682 910 consecratum
697 843 889 909 Laodiceae
905 844 1029 909 fectum
1048 863 1121 910 esse
1138 843 1339 926 episcopum.
1373 843 1474 909 Adde

338 948 579 1030 Hieronymum
603 947 646 1012 ad
669 945 772 1011 Probi
795 965 918 1013 annum
941 947 1002 1012 11.:
1036 947 1236 1028 „Anatolius
1258 947 1475 1014 Laodicenos

339 1051 514 1133 episcopus
548 1050 820 1131 philosophorum
855 1050 1038 1132 disciplinis
1063 1051 1213 1117 eruditus
1229 1043 1377 1132 plurimo
1402 1069 1474 1116 ser-

225 1181 232 1194 ·
339 1174 435 1221 mone
459 1153 668 1220 celebratur“
693 1153 851 1236 (Syneell.
878 1159 983 1233 723‚3
1007 1155 1050 1220 ed
1073 1154 1174 1219 Probi
1200 1173 1322 1220 annum
1347 1153 1425 1236 Ill.)
1448 1152 1472 1237 ).

424 1257 607 1323 Anatolius
640 1257 743 1341 igitur
766 1257 1031 1338 Alexandrinus,
1064 1258 1258 1339 priusquam
1280 1257 1473 1324 Laodiceae

339 1361 514 1442 episcopus
538 1367 672 1426 creatus
696 1366 757 1438 est,
782 1361 869 1440 quod
893 1360 1018 1426 iactum
1043 1379 1117 1426 esse
1134 1361 1249 1426 ultimo
1265 1362 1338 1426 loco
1354 1360 1473 1426 edoce·

339 1484 413 1530 mur
435 1465 526 1530 circe
547 1483 667 1530 annum
683 1483 715 1545 p.
733 1463 810 1530 Chr.
829 1484 859 1529 n.
878 1463 1075 1544 CCLXXX‚
1092 1464 1322 1530 Alexandriae
1340 1465 1474 1530 Aristo-

337 1568 457 1632 telicae
480 1567 592 1633 iuerat
613 1567 843 1649 philosophiae
868 1568 1038 1652 magister.
1057 1567 1236 1633 'Omnibus
1260 1567 1474 1648 antiquitatis

339 1670 523 1751 disciplinis
558 1671 681 1751 optime
715 1670 861 1736 imbutus
889 1678 998 1752 atque
1020 1671 1206 1737 instructus
1229 1676 1364 1752 praeter
1387 1671 1473 1736 ahos

338 1774 442 1839 libros
460 1773 560 1838 etiam
585 1770 821 1856 ἀριθμητικὰς
840 1772 1028 1855 εἰσαγωγὰς
1043 1772 1080 1837 ἐν
1097 1771 1191 1854 ὅλοις
1207 1770 1290 1838 δέκα
1306 1772 1473 1855 συγγράμ-

338 1894 444 1960 μασιν
467 1876 611 1956 reliquit.
648 1874 755 1957 Quem
779 1876 899 1942 librum
924 1896 1025 1942 unum
1050 1881 1124 1942 esse
1148 1876 1353 1958 eundemque
1371 1882 1473 1958 atque

338 1980 441 2057 illum,
477 1997 574 2060 quem
609 1997 715 2060 nuper
739 1979 941 2064 Heihergius
977 1999 994 2044 e
1023 1979 1243 2045 bibliothecae
1267 1965 1472 2045 tenebris‘in

283 2145 285 2150 .
339 2083 446 2149 lucem
469 2083 613 2164 reduxit,
637 2084 701 2148 etsi
722 2102 783 2164 pro
807 2088 898 2149 certo
923 2083 1026 2150 statui
1049 2103 1115 2149 non
1138 2087 1258 2165 potest,
1282 2087 1394 2148 tamen
1410 2083 1474 2148 hoc

340 2187 472 2268 quidem
498 2187 648 2268 videmus
671 2187 867 2252 Anatolium
895 2187 930 2252 in
957 2187 1104 2253 numeris
1126 2186 1312 2252 tractandis
1336 2203 1473 2267 operam

339 2291 493 2371 posuisse
503 2288 538 2372 ²).
573 2291 691 2372 Itaque
715 2291 801 2372 quod
826 2291 957 2357 efficere
985 2293 1125 2357 conatus
1149 2295 1201 2356 est
1217 2289 1438 2371 Gcnrperzius
1448 2287 1473 2372 ³)

340 2393 574 2458 Anatoliorum
598 2393 751 2472 alterum,
775 2413 873 2474 quem
896 2393 1012 2460 dieunt
1027 2412 1206 2478 paganum,
1231 2392 1349 2458 aviris
1365 2391 1472 2458 doctis

341 2513 415 2562 esse
438 2496 561 2575 fictum,
596 2514 798 2577 quamquam
822 2497 900 2562 mihi
924 2497 1023 2562 valde
1046 2497 1218 2579 probatur,
1254 2514 1341 2562 nunc
1359 2483 1474 2562 'fusius

302 2633 306 2640 -
339 2604 488 2665 tractare
513 2599 725 2680 supersedeo.
761 2601 904 2666 Praeter
926 2602 1024 2682 hunc,
1048 2600 1088 2666 de
1113 2620 1177 2682 quc
1194 2600 1333 2684 agimus
1355 2599 1472 2665 librum

341 2703 408 2768 alia
431 2703 526 2768 nobis
550 2708 689 2769 servata
712 2710 792 2770 sunt
814 2702 1003 2788 fragmenta
1026 2703 1224 2769 Anatoliani
1246 2703 1323 2768 libri
1345 2704 1473 2769 mathe

340 2804 498 2888 matici4),
523 2807 581 2872 sed
605 2807 673 2872 iam
688 2806 922 2890 Hultschius⁵)
945 2807 1030 2872 vidit
1053 2826 1094 2873 ea
1117 2807 1159 2872 ab
1182 2805 1239 2871 illc
1262 2806 1303 2871 de
1328 2807 1473 2873 numeris

342 2910 425 2976 libro
449 2911 549 2991 plane
575 2910 684 2976 aliena
708 2930 792 2978 esse.

426 3013 618 3078 Redeamus
642 3032 731 3079 nunc
747 3014 789 3079 ad
806 3014 937 3094 librum,
954 3033 975 3079 a
991 3033 1053 3096 quc
1070 3031 1185 3079 sumus
1200 3011 1350 3095 proiecti.
1386 3011 1472 3094 Quid

342 3115 405 3182 sibi
431 3116 522 3181 vult?
557 3118 762 3182 Tractentur
778 3117 898 3201 singuli
922 3136 1028 3197 usque
1053 3116 1095 3183 ad
1119 3117 1232 3182 decem
1256 3116 1386 3181 numeri
1409 3134 1473 3180 non

341 3219 586 3298 mathematice,
604 3219 662 3284 sed
679 3220 915 3303 Pythagorico,
939 3225 977 3285 ut
992 3220 1117 3300 dicunt,
1140 3219 1345 3302 mysticismo
1362 3219 1473 3302 singu-

341 3325 447 3388 lorum
472 3322 615 3388 virtutes
633 3342 673 3389 ac
688 3327 874 3404 potestates
891 3327 1110 3404 exponuntur.
1146 3321 1223 3388 Sine
1240 3326 1332 3388 certo
1349 3322 1473 3400 ordine,

342 3427 399 3508 qui
422 3426 726 3507 quidem-conspici
749 3427 866 3507 possit,
901 3426 1053 3491 oratione
1076 3424 1176 3491 valde
1201 3425 1399 3492 circumcisa
1421 3443 1474 3490 res

430 3596 451 3663 1)
471 3597 581 3650 Confer
599 3597 749 3663 Tannery‚
775 3599 818 3650 Le
844 3597 1007 3664 geometrie
1033 3611 1155 3663 greque‚
1178 3611 1226 3663 pg.
1245 3597 1292 3660 423
1319 3597 1474 3663 (inrupere,

342 3684 493 3752 Anzeiger
516 3682 543 3735 d.
567 3683 640 3736 kaie.
664 3684 826 3737 Academia
850 3685 877 3737 d.
891 3683 981 3740 Wiss.
1008 3682 1173 3736 Phil-hist.
1197 3683 1238 3736 Ol.
1268 3683 1333 3736 1901
1361 3699 1410 3750 pg.
1429 3682 1473 3745 263

343 3772 492 3836 Hernack‚
511 3769 665 3823 altchristl.
685 3771 721 3822 Li
736 3773 847 3823 teratur
865 3771 889 3834 I,
906 3786 956 3837 pg.
974 3770 1033 3822 436.

428 3855 451 3924 2)
470 3858 538 3909 Non
556 3857 650 3910 fuisse
673 3856 790 3924 ignotas
810 3856 960 3910 eiusmodi
979 3855 1128 3908 doctrinas
1147 3855 1260 3908 homini
1279 3855 1474 3922 Peripatetico

292 3945 296 3955 '
343 3944 504 3996 edocemur
523 3956 591 3995 eum
610 3943 677 3995 aliis
696 3948 760 3996 tum
781 3946 950 4010 comparato
968 3941 1143 3995 Alexandro
1162 3941 1401 4008 Aphrodisiensi‚
1424 3943 1474 4009 qui

344 4045 420 4097 quae
438 4029 525 4082 habet
544 4029 662 4096 similia,
681 4031 792 4096 passim
811 4031 967 4084 adnotabo.

428 4115 449 4183 ⁸)
467 4116 486 4168 l.
504 4116 523 4169 l.
545 4127 593 4181 pg.
612 4115 654 4170 26.

428 4201 453 4272 ⁴)
469 4201 601 4255 Heronio
619 4203 822 4255 Alexandrini
841 4202 941 4255 Geom.
961 4205 1014 4255 etc.
1032 4201 1118 4268 reliq.
1147 4201 1192 4254 ed.
1214 4201 1331 4256 Friedr.
1350 4199 1475 4254 Hults'ch

343 4305 392 4356 pg.
412 4289 463 4340 276
481 4305 547 4356 sqq.

430 4375 449 4442 ὅ)
469 4376 564 4442 Pauly
572 4375 733 4430 -Wissowe
752 4376 809 4429 eub
829 4375 975 4428 Anatolio.
1013 4403 1015 4408 ,
