3222 5166
817 491 1033 552 ..10-

356 674 553 757 videbimus,
587 675 628 742 de
662 675 778 742 eadem
813 697 849 743 re
872 682 1014 760 'egerunt
1037 676 1085 741 1111
1109 675 1242 757 quidem
1265 696 1306 742 ex
1329 677 1498 745 Anatolio
1597 717 1598 736 2

358 779 552 860 neutiquam
584 779 781 862 pendentes,
815 784 945 846 tantum
980 799 1046 846 non
1070 798 1183 846 omnes
1205 779 1292 846 idem
1315 781 1496 862 praebent.
1597 805 1598 834 ³

357 880 423 948 Sed
447 883 514 948 alia
538 886 617 949 sunt
640 883 808 967 graviora.
848 885 908 968 Pg.
927 889 1012 964 36,4
1034 884 1176 968 legimus
1200 883 1364 950 Heracliti
1385 903 1496 966 quan·

356 985 433 1052 dam
456 987 668 1067 sententiam,
692 1007 792 1068 quam
815 1007 876 1053 nec
898 988 932 1052 in
948 986 1100 1072 Philonis
1124 987 1239 1052 necin
1264 987 1364 1054 ullius
1380 987 1496 1054 adhuc

357 1089 425 1154 noti
460 1089 632 1170 scriptoris
663 1091 797 1172 scriptis
821 1091 1015 1172 reperimus.
1062 1090 1117 1155 An
1141 1090 1321 1157 Anatolius
1344 1092 1418 1172 ipse
1434 1092 1495 1156 in·
1597 1175 1598 1178 Ἴ

357 1192 496 1277 dagavit
519 1212 591 1258 eam
617 1199 650 1258 01
673 1193 821 1259 addidit?
865 1195 940 1260 Non
975 1193 1072 1260 facile
1106 1195 1169 1258 hoc
1196 1193 1390 1274 affirmabis,
1413 1214 1491 1261 cum
1597 1183 1598 1248 ἓ

357 1295 623 1362 consideraveris
646 1297 745 1362 haec:
769 1296 963 1379 neutiquam
981 1297 1143 1378 Anatolii,
1167 1297 1289 1378 quippe
1312 1298 1367 1378 qui
1390 1297 1493 1364 fuerit
1597 1309 1598 1322 ²

357 1399 570 1478 christianae,
603 1399 765 1482 interfuit,
797 1405 956 1483 utquam
981 1401 1133 1467 maxime·
1148 1401 1380 1482 comprobaret
1403 1402 1492 1467 anti·
1597 1387 1598 1410 ¹

358 1521 495 1582 quorum
519 1503 560 1568 de
584 1503 731 1569 numeris
756 1504 983 1584 ariolationeS,
1006 1504 1064 1570 sed
1089 1503 1122 1569 in
1141 1505 1320 1585 propatulo
1337 1510 1388 1570 cst
1404 1524 1493 1585 eum,
1597 1527 1598 1590 3

357 1610 393 1669 ut
416 1605 481 1670 iam
506 1604 584 1686 dixi,
618 1605 699 1670 nihil
723 1606 815 1672 aliud
839 1608 949 1691 egisse
973 1607 1038 1673 nisi
1062 1611 1099 1673 ut
1122 1606 1301 1688 discipulos
1325 1608 1366 1673 de
1389 1609 1492 1674 rebus
1597 1615 1598 1684 j

357 1707 400 1772 ad
433 1707 627 1788 perfectam,
664 1727 760 1789 quam
795 1714 876 1774 tunc
910 1710 1156 1790 existimabant,
1192 1711 1409 1776 eruditionem
1434 1731 1492 1778 110-
1597 1747 1598 1760 1

357 1811 512 1876 cessariis
547 1811 744 1893 edoceret).
801 1812 932 1878 Dixerit
970 1813 1116 1879 fortasse
1151 1813 1271 1897 aliquis
1303 1813 1491 1894 profectum

358 1933 432 1980 esse
465 1916 529 1980 hoc
562 1913 783 1998 fragmentum
819 1935 836 1981 0
871 1917 1075 1997 corruptoris
1099 1916 1272 1982 cuiusdam
1296 1917 1492 1997 posterioris
1597 1937 1598 2000 3

357 2018 500 2099 officina,
524 2018 612 2100 quod
637 2019 817 2086 Anatolius
842 2019 1001 2101 deceptus
1023 2019 1221 2100 infersisset,
1252 2026 1289 2086 ut
1312 2027 1493 2087 exornaret

356 2123 419 2187 hoc
442 2122 566 2187 lumine
590 2122 783 2188 orationem.
824 2121 888 2188 Sed
913 2142 988 2188 cum
1011 2123 1133 2202 omnia,
1157 2123 1299 2205 quaein
1322 2124 1491 2190 Heracliti

357 2225 551 2309 fragmentis
584 2225 790 2306 interpolata
823 2245 897 2292 esse
931 2226 1018 2292 effici
1051 2231 1171 2307 potest,
1206 2231 1289 2291 nata
1322 2228 1389 2293 sint
1421 2228 1489 2293 iam

359 2328 663 2394 Alexandrinorum
701 2328 917 2411 temporibus,
955 2329 995 2395 de
1034 2330 1096 2396 hoc
1133 2329 1287 2410 frustulo,
1325 2330 1488 2410 siquidem
1597 2323 1598 2368 ³

358 2431 535 2515 genuinum
568 2430 602 2495 id
637 2449 711 2497 esse
745 2450 810 2497 non
843 2432 1062 2513 concesseris,
1085 2431 1175 2497 haud
1200 2432 1298 2498 aliter
1321 2433 1384 2498 erit
1406 2432 1490 2499 iudi·
1597 2447 1598 2470 ¹

356 2534 509 2599 candum.
547 2533 669 2614 Itaque
693 2534 763 2598 veri
781 2533 982 2600 simillimum
999 2539 1050 2601 est
1064 2535 1157 2600 illum
1174 2535 1237 2601 hoc
1252 2537 1488 2619 gravissimum

355 2637 454 2718 idque
488 2635 620 2700 minime
656 2637 830 2721 vulgatum
858 2657 1024 2704 unacum
1047 2639 1166 2704 ceteris
1190 2658 1208 2704 e
1231 2639 1323 2704 fonte
1347 2658 1409 2706 suo
1433 2639 1489 2704 de-

355 2740 569 2828 prompsisse.

442 2843 574 2909 Tertius
609 2843 662 2909 hic
695 2845 1002 2912 commemorandus
1036 2847 1130 2912 locus
1167 2843 1299 2930 (36,12)
1338 2847 1491 2913 continet
1597 2875 1598 2926 l

356 2948 532 3028 Herophili
569 2947 610 3012 de
647 2947 880 3014 intestinorum
917 2949 1054 3015 humani
1092 2951 1240 3030 corporis
1283 2951 1489 3035 longitudino

357 3051 645 3130 existimationem,
680 3070 778 3132 quam
812 3052 892 3117 item
927 3053 1015 3134 apud
1038 3054 1213 3119 Philonem
1247 3053 1488 3121 desideramus.

358 3154 424 3222 Sed
460 3155 488 3220 si
521 3153 607 3219 forte
642 3155 825 3220 conieceris
859 3159 893 3221 et
924 3158 988 3221 hoc
1022 3156 1173 3222 Anatolii
1207 3176 1281 3223 esse
1316 3157 1488 3236 emblema,
1597 3197 1598 3208 ,

358 3277 493 3340 quaero,
516 3257 681 3338 quomodo
704 3257 782 3322 mihi
808 3259 965 3338 explices,
990 3259 1075 3340 quod
1100 3264 1134 3324 et
1157 3260 1248 3324 Theo
1272 3259 1489 3343 Smyrnaeus

358 3381 454 3444 quem
479 3361 570 3427 nullo
593 3360 691 3426 modo
715 3380 755 3426 ex
771 3361 933 3428 Anatolio
954 3361 1102 3443 pendere
1125 3381 1224 3444 posse
1246 3363 1335 3429 infra
1350 3364 1489 3443 videbis,
1597 3345 1598 3392 5

356 3467 391 3532 in
414 3465 531 3532 eadem
555 3464 595 3529 de
619 3465 810 3546 septenario
827 3485 966 3531 numero
982 3466 1208 3547 disputatione
1225 3467 1364 3532 eandem
1380 3469 1488 3533 Hero·
1597 3459 1598 3474 ¹

356 3571 438 3651 phili
472 3567 669 3634 sententiam
705 3567 876 3648 profert2).
922 3569 978 3635 An
1010 3579 1043 3634 et
1065 3569 1119 3635 ille
1143 3589 1224 3635 casu
1248 3572 1319 3651 ipse
1342 3571 1489 3637 addidit?

357 3676 432 3740 Non
469 3670 692 3750 asseverabis,
726 3671 783 3737 sed
820 3691 948 3738 mecum
982 3672 1096 3754 facies,
1121 3674 1177 3754 qui
1200 3674 1363 3740 contendo
1388 3674 1489 3741 etiam
1563 3739 1567 3748 ,

358 3778 423 3842 hac
445 3795 462 3841 e
486 3794 523 3840 re
547 3773 632 3840 effici
647 3774 845 3840 Anatolium
861 3794 928 3841 non
944 3776 1097 3843 hausisse
1114 3795 1178 3842 sua
1194 3796 1211 3842 0
1228 3777 1379 3844 Philonis
1395 3778 1488 3844 libro.

448 3980 465 4049 ¹)
485 3982 530 4036 Ne
557 3979 633 4032 mihi
660 3995 792 4047 oppones
820 3980 901 4047 apud
926 3980 1087 4033 nonnullas
1113 3983 1209 4034 sectas
1232 3979 1417 4047 christianas,
1434 3981 1488 4036 1111-
1597 4025 1598 4030 ,

357 4069 464 4137 primis
492 4066 573 4133 apud
591 4066 817 4120 Valentinianos
845 4067 899 4134 qui
926 4066 1068 4119 dicuntur
1094 4081 1203 4134 magna
1227 4067 1303 4120 hanc
1322 4067 1489 4121 doctrinam
1597 4123 1598 4134 ,

358 4156 496 4208 floruisse
515 4154 690 4206 auctoritate
709 4153 872 4222 (Hippolyt.
890 4153 952 4206 Ref.
970 4155 1022 4218 VI,
1032 4153 1064 4206 21
1084 4155 1170 4220 sqq.)‚
1197 4154 1250 4218 illi,
1279 4169 1354 4221 quae
1374 4158 1490 4208 veteres
1597 4209 1598 4220 ,

352 4241 610 4310 excogitaverant,
638 4240 676 4294 iis
696 4242 746 4294 usi
764 4241 903 4308 dogmata
922 4239 1084 4294 christiana
1103 4240 1294 4307 exponebant
1311 4245 1340 4294 01
1358 4241 1488 4307 explica·
1597 4271 1598 4278 ,

357 4329 438 4394 bant,
456 4327 613 4381 Anatolius
632 4333 767 4382 vetorum
785 4327 884 4379 nudas
902 4325 1043 4380 narrabat
1060 4328 1231 4380 sententiae.

444 4415 466 4482 ²)
484 4416 529 4468 De
549 4416 607 4466 levi
627 4413 828 4480 discrepantia
845 4414 979 4466 locorum
997 4413 1076 4466 infre
1093 4429 1187 4479 pauca
1205 4415 1311 4467 dicam.
