3222 5166
810 487 1023 546 ..54ss

455 668 603 722 Martiani.
852 669 985 722 Favonii.
1232 668 1372 721 Anatolii.

737 787 898 825 numerum
960 773 1097 840 complet.

738 859 814 910 Nam
832 859 884 911 III.
902 859 939 910 ΙΙ.
960 861 990 911 et
1008 859 1032 910 1.

738 983 784 996 ...
807 944 957 997 senariam
976 946 1103 1012 expedit·

739 1031 943 1096 quantitatem.
1101 1023 1102 1028 '

387 1166 539 1234 pg.261,5.
565 1167 646 1221 idem
658 1184 713 1239 per
1101 1198 1103 1224 .
1158 1184 1207 1235 pg.
1225 1168 1267 1220 34.
1311 1167 1374 1217 καθ’
1402 1165 1483 1228 ἑξάδα

352 1253 486 1319 primum
516 1257 629 1306 motum
656 1255 712 1306 hoc
1125 1255 1231 1322 πρῶτον
1256 1249 1367 1316 συνέστη
1394 1251 1407 1315 ἡ
1435 1250 1483 1320 ‹ip-

354 1343 398 1392 est
428 1339 556 1406 dyadem
589 1340 712 1393 collatus
1124 1339 1218 1406 μονική
1236 1339 1347 1408 μεσότης
1382 1339 1464 1392 καλ.

354 1424 513 1478 duodecim
535 1425 612 1490 facit,
635 1426 713 1479 inter

282 1498 290 1512 ⁸
354 1499 434 1578 quos
459 1511 534 1564 duos
571 1527 713 1566 numeros

354 1596 413 1649 duo
437 1596 530 1649 medii
552 1596 712 1650 inveniun-

272 1687 274 1691 “
353 1685 404 1734 tur
422 1686 476 1736 etc.

439 1839 495 1904 Ab
518 1844 658 1920 utroque
681 1860 781 1921 porro
798 1842 984 1924 exponitur,
1009 1862 1095 1924 quae
1112 1844 1259 1910 rationes
1275 1842 1486 1908 intercedant

353 1942 441 2008 inter
468 1948 496 2008 6.
521 1947 550 2009 8.
574 1947 603 2008 9.
629 1949 678 2008 12.
703 1964 867 2014 numeros.

439 2047 492 2110 De
526 2047 716 2128 septenario
751 2048 960 2130 disputantes
991 2069 1106 2116 omnes
1129 2050 1199 2115 fere
1223 2049 1374 2128 laudant,
1397 2047 1486 2128 quod

355 2149 447 2216 solus
470 2148 561 2214 intra
583 2149 742 2216 decadem
766 2153 978 2234 septenarius
1003 2171 1108 2234 neque
1133 2151 1234 2217 alium
1256 2151 1363 2235 gignit
1378 2169 1486 2232 neque

354 2253 503 2336 gignitur
526 2271 568 2318 cx
591 2253 667 2333 alio,
700 2253 842 2336 ideoque
871 2274 1003 2322 sacrum
1027 2273 1101 2322 csse
1125 2274 1201 2321 eum
1223 2255 1398 2321 Minervae
1423 2254 1487 2340 vir-

354 2356 438 2439 gini;
472 2375 586 2422 omnes
608 2356 678 2423 fere
703 2358 842 2424 tradunt
864 2360 974 2440 lunae,
1009 2377 1092 2440 quas
1116 2358 1239 2437 dicunt,
1262 2359 1388 2439 pheses
1411 2375 1487 2423 esse

355 2464 483 2541 septem
507 2468 604 2541 atque
629 2480 756 2527 summo
781 2481 949 2529 consensu
972 2463 1101 2528 addunt
1115 2461 1242 2527 lunaris
1259 2460 1487 2528 conversionis

355 2563 425 2630 dies
459 2569 501 2628 99
535 2563 620 2628 effici
657 2570 684 2629 1.
709 2571 738 2629 2.
763 2571 791 2630 3.
815 2571 845 2630 4.
870 2571 898 2631 5.
924 2572 953 2632 6.
980 2571 1006 2630 7.
1032 2565 1178 2631 numeris
1211 2565 1245 2630 in
1272 2584 1374 2658 unum
1398 2578 1485 2631 com·

354 2667 541 2748 prehensis,
563 2667 597 2731 in
620 2685 687 2748 qua
709 2687 746 2734 re
770 2669 968 2749 exponenda
990 2668 1153 2750 plurimus
1178 2675 1229 2734 est
1251 2668 1361 2735 Varro
1385 2666 1485 2750 (Gell.

355 2769 496 2851 III,10).
543 2769 631 2846 ¹Non
668 2789 793 2850 premo,
833 2771 919 2852 quod
956 2771 1058 2837 etiam
1095 2772 1129 2837 in
1168 2777 1296 2852 septem
1332 2770 1486 2851 planetis

356 2879 482 2955 septem
504 2872 680 2950 Pleiadum
704 2873 820 2954 stellis,
845 2874 919 2940 aliis
943 2875 1141 2940 enarrandis
1164 2875 1379 2956 concordant,
1406 2893 1487 2940 non-

356 2978 449 3042 nulla
472 2980 586 3041 tamen
608 2994 741 3057 ponam.
1010 2989 1011 2992 ’

401 3145 487 3197 Mart.
505 3159 554 3211 pg.
573 3145 632 3209 263,
642 3145 667 3198 8.
784 3148 894 3200 Favon.
913 3164 962 3214 pg.
981 3149 1005 3213 8,
1015 3147 1056 3201 20.
1187 3148 1303 3201 Anatol.
1322 3163 1372 3216 pg.
1390 3149 1432 3202 36.
1456 3194 1460 3202 .

391 3248 500 3300 dehinc
529 3248 596 3300 ideo
629 3247 715 3300 homo
776 3251 815 3302 Hi
838 3249 966 3320 (sensus)
986 3257 1100 3318 septem
1161 3250 1266 3321 κεφαλῇ
1284 3253 1382 3320 χρῆται
1397 3250 1488 3319 πόροις

355 3338 469 3400 septem
490 3337 606 3386 meatus
628 3333 716 3387 habet
741 3336 940 3390 foraminibus
961 3337 1099 3390 emittun-
1128 3337 1159 3400 ζ’,
1179 3332 1335 3407 ὀφθαλμοῖς
1357 3335 1413 3402 dio,
1437 3331 1488 3390 ω’σὶ

356 3421 387 3472 in
433 3420 528 3486 capite
575 3420 715 3474 sensibus
742 3427 803 3475 tur:
828 3423 859 3476 ΙΙ
877 3426 948 3476 sunt
965 3423 1100 3488 visionis,
1128 3421 1184 3489 δύο,
1206 3425 1338 3493 μυκτῆρσι
1355 3421 1411 3488 δύο,
1429 3423 1490 3476 στό·

357 3507 637 3572 praeparatosduos
648 3522 715 3562 ocu·
742 3508 772 3560 11
790 3507 919 3572 auditus,
937 3508 953 3560 I
963 3513 1101 3574 gustatus
1126 3527 1198 3579 ματι.

355 3593 401 3645 los
420 3607 568 3660 auresque
586 3598 615 3646 et
626 3609 715 3647 nares
742 3595 864 3660 atqueII
873 3598 944 3646 sunt
952 3594 1101 3660 odoratus,

356 3679 479 3732 totidem
503 3683 587 3732 etos
611 3695 714 3735 unum.
743 3681 867 3748 quintus
904 3685 1009 3746 tactus
1049 3681 1102 3748 qui

423 3768 536 3830 septem
555 3765 642 3818 etiam
664 3783 716 3820 na·
742 3782 797 3833 per
836 3766 927 3819 totius
967 3769 1101 3834 corporis

358 3849 717 3906 turaabstrusitmembra
743 3852 877 3906 membra
900 3847 1028 3907 diffusus
1050 3858 1102 3920 est,
1163 3854 1307 3924 antitypa
1352 3853 1384 3919 ζ’,
1432 3853 1491 3905 στό-

356 3936 470 3990 vitalia:
499 3937 639 4004 linguam,
658 3954 716 4004 cor,
743 3933 860 3990 nullum
901 3938 989 3992 habet
1027 3942 1101 3994 fora·
1128 3941 1251 4011 μαχοςῖ),
1274 3940 1383 4010 καρδία,
1407 3939 1489 3993 πνεύ-

356 4022 539 4088 pulmonem,
597 4024 716 4090 lienem,
743 4023 846 4090 men¹t
1128 4046 1197 4096 μων,
1221 4020 1302 4096 ἧπαρ,
1326 4025 1419 4090 σπλήν,
1446 4042 1491 4078 νε-

356 4109 441 4161 iecur
471 4111 499 4161 et
529 4109 588 4162 duo
619 4125 716 4164 renes.
1130 4111 1198 4183 φροὶ
1216 4111 1273 4168 δύο.

351 4238 561 4258 *.-Λ-

355 4263 363 4273 »Δ

443 4315 462 4381 ¹)
480 4313 529 4367 Sic
551 4315 720 4368 emendavit
740 4314 920 4369 Skutschius
938 4316 956 4371 1.
969 4317 989 4370 1.
1007 4333 1057 4384 pg.
1072 4319 1129 4371 199.

398 4429 403 4445 ·
442 4400 462 4467 ²)
481 4400 570 4453 Theo.
589 4401 765 4470 pg.104‚15:
787 4401 993 4471 ...γλῶσσα
1013 4402 1113 4473 καρδία
1148 4403 1200 4458 κτλ.
