3222 5166
614 419 829 478 ..17-

155 604 257 686 igitur
280 609 331 670 est
353 603 557 670 vindicanda
572 621 662 684 pars
687 602 727 668 de
745 623 812 684 qua
828 603 977 687 agimus?
1015 595 1244 682 Schmokelius
1256 603 1289 685 ¹),

155 726 229 772 cum
254 707 383 772 videret
406 707 574 772 Thoonem
598 725 616 770 e
637 706 805 788 Thrasylli
834 707 977 787 quodam
1006 726 1107 787 opere
1130 707 1290 773 nonnulla

154 810 206 890 ile,
242 811 385 891 quaein
410 809 603 875 universum
627 829 668 874 ex
692 810 842 875 Adrasto
866 809 1081 891 deprompsit,
1110 811 1289 891 addidisse,

155 933 296 995 cumque
320 933 471 995 eaquae
494 913 644 993 proxime
666 913 884 994 praecedunt,
909 913 1078 996 Thrasylli
1102 932 1175 980 esse
1200 933 1288 979 eom-

154 1017 277 1097 pilator
299 1017 371 1099 ipse
395 1017 495 1096 dicat,
518 1035 584 1082 non
602 1016 768 1081 dubitavit
783 1036 843 1097 pro
860 1023 952 1082 certo
970 1018 1171 1083 contendere
1189 1019 1288 1084 etiam

154 1123 239 1186 haec
261 1140 336 1187 esse
360 1121 537 1204 Thrasylli.
584 1120 680 1203 Quod
705 1126 742 1185 ut
765 1120 923 1200 efficeret,
948 1126 1022 1186 erat
1045 1120 1288 1202 explicandum,

154 1243 214 1289 cur
236 1225 453 1305 interruperit
475 1225 566 1289 Theo
590 1242 640 1305 ea,
675 1243 762 1304 quae
798 1224 938 1304 sumpsit
962 1243 979 1288 e
1002 1225 1171 1306 Thrasylli
1195 1224 1288 1305 libro,

155 1329 328 1392 enuntiato
362 1329 420 1392 καί
444 1329 464 1412 ἡ
487 1327 644 1418 μὲνάσὸ
670 1325 870 1409 Θρασύλλου
905 1325 978 1392 κτλ.
1006 1325 1128 1410 (93,8).
1174 1327 1289 1408 Atque

155 1432 242 1512 quod
275 1432 355 1498 dicit
378 1432 607 1500 Schmehelius
641 1433 699 1496 καὶ
727 1431 835 1514 ἡμὲν
858 1430 928 1496 ὑπὸ
954 1429 1154 1513 Θρασύλλου
1178 1451 1289 1513 σαρα-

154 1532 320 1619 ἀεάομέννγ
345 1536 523 1619 κατατομὴ
547 1539 609 1599 τοῦ
634 1534 782 1615 κανόνος
806 1531 873 1599 aaa
900 1533 974 1616 ἔχει.
1010 1533 1050 1598 ὃν
1083 1532 1122 1599 ἀὲ
1155 1535 1288 1617 τρόπον

154 1639 212 1702 καί
239 1637 297 1702 ἐπὶ
324 1643 386 1722 τῆς
414 1643 485 1703 τῶν
513 1636 604 1703 ὅλων
628 1636 861 1721 ἐφαρμόζεται
884 1640 1043 1721 σφαίρας,
1067 1635 1207 1703 ἐττειάἀν
1231 1639 1289 1702 ναί

154 1739 236 1821 τοὺς
259 1740 491 1824 ἀστρονομίας
515 1739 708 1824 ἐκάῶμεάα
734 1740 867 1823 λόγους,
903 1738 1155 1823 παραάείξομεν
1189 1761 1288 1822 prop·

154 1850 249 1909 terea
272 1863 348 1911 esse
370 1845 499 1910 inserta
523 1845 565 1910 ab
590 1851 738 1924 auctore,
762 1845 861 1925 quod,
892 1864 979 1926 quae
1003 1845 1289 1910 continuabantur

154 1947 244 2028 apud
257 1948 469 2030 Thrasyllum
486 1948 527 2013 de
543 1947 690 2013 siderum
706 1951 880 2028 concentu,
898 1967 995 2029 quem
1012 1947 1136 2027 dicunt,
1153 1947 1287 2013 differre

156 2057 189 2115 et
212 2050 300 2116 infra
323 2050 455 2116 demum
477 2050 543 2134 (μς.
568 2048 643 2134 205)
666 2051 793 2116 referre
818 2051 880 2116 sibi
902 2051 1144 2132 proposuisset,
1178 2051 1241 2116 hoc
1271 2071 1288 2116 o

155 2154 298 2220 Theonis
333 2154 445 2220 verbis
478 2154 691 2235 perspicuum
726 2160 786 2219 est.
834 2152 899 2218 Sed
927 2153 1036 2237 pergit
1059 2159 1177 2220 auctor
1199 2155 1289 2218 νυνὶ

155 2255 491 2340 (λ’ἐνιανέλάῶμεν
529 2256 595 2321 ἐπὶ
632 2255 703 2321 τὸν
740 2260 820 2321 τῶν
857 2254 1015 2321 λοιπῶν
1057 2254 1288 2338 ἀναλογιῶν

155 2360 221 2424 καὶ
254 2361 493 2443 μεσοτήτων
526 2357 648 2440 λόγον
682 2357 765 2439 κτλ,
802 2378 888 2439 quae
922 2359 1027 2424 verba
1058 2359 1288 2426 Sohmekelius

153 2464 252 2543 plane
276 2464 433 2546 neglexit.
471 2464 605 2528 Minime
630 2469 741 2529 autem
766 2469 862 2528 erant
886 2462 1104 2546 neglegenda,
1129 2464 1287 2544 quoniam

154 2568 188 2632 in
221 2567 273 2632 his
307 2572 464 2632 versatur
486 2573 558 2632 tota
582 2567 744 2647 quaestio.
791 2565 891 2632 Clare
916 2567 1002 2630 enim
1026 2586 1066 2631 ac
1089 2565 1212 2631 diserte
1236 2551 1288 2633 his

154 2671 246 2736 Theo
263 2671 389 2736 indicat
405 2689 546 2736 se‘nunc
561 2671 739 2753 Thrasyllo
756 2671 872 2736 relicto
889 2671 1015 2735 reverti
1032 2669 1073 2734 ad
1091 2669 1286 2736 Adrastum.

155 2775 273 2854 Itaque
308 2792 392 2858 nego
427 2793 478 2855 ea,
513 2793 598 2855 quae
632 2780 829 2854 sequuntur,
864 2779 999 2854 sumpta
1033 2791 1106 2839 esse
1146 2794 1187 2838 ex
1221 2774 1286 2839 illo.

155 2875 380 2943 Confirmatur
397 2896 470 2942 mea
487 2878 652 2942 sententia
668 2897 717 2957 eo,
734 2877 823 2958 quod
838 2877 959 2956 omnia,
975 2895 1062 2956 quae
1079 2877 1288 2959 eThrasyllo

155 2979 254 3046 affert
270 2982 372 3061 Theo,
396 2981 580 3060 respiciunt
599 2980 784 3048 doctrinam
801 2981 971 3061 musicam,
996 2979 1048 3045 hio
1065 2985 1178 3045 autem
1195 2981 1288 3046 locus

154 3104 214 3164 per
236 3087 271 3150 se'
296 3104 316 3150 a
340 3085 468 3150 musica
491 3084 621 3148 alienus
645 3091 704 3149 est.
749 3084 846 3149 Adde
870 3083 958 3164 quod
983 3083 1083 3149 etiam
1107 3084 1288 3148 enarrandi

154 3189 239 3254 ratio
275 3187 317 3253 ab
352 3207 403 3268 ea,
438 3207 505 3268 qua
539 3188 645 3253 utitur
668 3187 875 3270 Thrasyllus,
899 3189 1042 3251 maxime
1067 3192 1118 3252 est
1140 3186 1287 3267 diversa,

154 3291 195 3357 de
219 3310 286 3372 qua
307 3312 344 3356 re
367 3291 455 3357 infra
474 3292 574 3372 plura
590 3291 707 3357 dioam.
742 3293 863 3371 Itaque
880 3291 988 3356 denuo
1006 3295 1058 3357 est
1073 3291 1288 3372 suscipienda

155 3395 351 3476 disquisitio.

239 3499 441 3578 Priusquam
476 3498 613 3578 incipiat
647 3499 738 3563 Theo
773 3497 938 3563 disserere
974 3497 1014 3562 de
1050 3486 1186 3577 musica,
1219 3497 1289 3580 agit

153 3601 312 3667 continua
335 3601 561 3682 disputatione
578 3601 619 3666 de
634 3602 823 3666 rationibus
840 3619 1053 3666 numerorum
1070 3599 1288 3666 arithmeticis

153 3702 273 3788 (usque
298 3704 340 3769 ad
364 3703 568 3788 pg.4t5,19).
615 3705 698 3769 Tum
733 3705 900 3769 transiens
935 3703 977 3768 ad
1013 3703 1172 3768 musicam
1208 3703 1288 3768 dicit

32 3879 34 3883 ,
153 3827 227 3873 cum
252 3808 320 3872 alia
343 3813 412 3873 tum
435 3809 533 3874 haec:
558 3805 623 3889 (47,
636 3807 669 3889 8)
691 3807 778 3890 μετὰ
803 3806 839 3872 ἀὲ
862 3806 923 3871 τὸν
947 3807 1026 3888 περὶ
1049 3806 1194 3871 πάντων
1216 3811 1287 3870 τῶν

152 3908 413 3993 μαάηματιαῶν
446 3908 549 3992 λόγον
583 3908 780 3975 τελευταῖον
814 3909 987 3992 ἐπάξομεν
1021 3910 1079 3973 καὶ
1113 3907 1174 3973 τὸν
1209 3911 1287 3992 περὶ

152 4018 216 4097 τῆς
238 4013 275 4077 ἐν
298 4013 417 4096 κόσμῳ
446 4013 613 4096 ἁρμονίας
640 4011 752 4094 λόγον,
782 4013 854 4078 oria
883 4012 1104 4092 ὀκνοῦντες
1131 4011 1179 4078 τά
1206 4011 1286 4076 ὑπὸ

153 4121 232 4183 τῶν
260 4115 338 4199 πρὸ
366 4119 479 4200 ἡμῶν
508 4116 758 4201 ἐξευρημένα
785 4119 852 4181 καὶ
876 4116 993 4181 αάτοί
1017 4116 1285 4199 ἀναγράφειν,

243 4341 261 4406 ¹)
280 4342 299 4393 1.
316 4341 335 4394 l.
354 4357 403 4407 pg.
422 4341 482 4405 409,
500 4339 567 4392 adn.
587 4341 610 4392 3.

1149 4427 1164 4476 2
