3222 5166
608 455 823 514 ...19-

149 645 255 721 parte,
279 640 320 705 de
344 659 412 721 qua
435 639 575 724 agimus,
599 640 778 719 Theonem‚
803 645 945 720 apparet
968 643 1002 705 et
1024 642 1282 704 consentaneum

149 749 209 810 est.
256 747 369 831 Atque
404 743 486 808 mire
520 744 592 823 hoc,
624 741 709 823 quod
735 742 965 809 ratiocinando
989 741 1170 821 effecimus,
1194 760 1280 806 οοω-

147 845 310 927 probatur
332 846 499 911 nonnullis
516 845 723 929 fragmentis,
748 864 834 927 quae
851 865 869 911 ο
886 844 1053 911 Moder'ati
1068 864 1169 927 opere
1186 844 1281 910 nobis

148 950 300 1016 servavit
322 949 497 1016 Stobaeus.
543 947 607 1014 Sed
632 948 704 1030 ipse
727 947 854 1014 iudices
877 949 986 1015 velim.

296 1119 375 1172 Theo
394 1135 443 1188 pg.
462 1119 503 1184 18,
514 1119 537 1172 3.

181 1217 298 1291 άριθμός
323 1221 379 1276 ἐστι
404 1221 524 1292 σύστημα
549 1219 686 1292 μονάδων,

147 1307 163 1370 ή
179 1308 363 1377 προποδισμδς

146 1393 264 1456 πλήθους
300 1396 354 1449 άπδ
384 1393 502 1466 μονάδος
536 1390 688 1466 ἀρχόμενος

145 1479 190 1532 καὶ
213 1480 396 1551 άναποδισμὸς
417 1479 456 1538 εἰς
477 1482 585 1553 μονάδα
606 1499 687 1534 κατα-

146 1566 242 1636 λήγων.
267 1567 354 1639 μονάς
380 1566 410 1623 δὲ
437 1563 492 1624 ἔστι
520 1568 687 1638 περαίνουσα

146 1653 261 1720 ποσότης,
289 1653 341 1720 ήτις
365 1652 526 1727 μειουμένοο
552 1655 598 1707 τοῦ
621 1652 687 1715 πλή-

146 1746 212 1796 θους
228 1741 295 1794 κατά
312 1741 359 1806 τήν
375 1741 522 1811 ὑφαίρεσιν
533 1742 578 1793 τοῦ
590 1740 687 1794 παντὸς

146 1823 268 1897 άριθμοδ
293 1833 452 1898 στερηθεῑσιι
478 1825 563 1897 μονήν
588 1843 615 1879 τε
641 1824 687 1879 καί

146 1913 238 1966 στάσιν
264 1913 402 1984 λαμβάνει.
433 1912 475 1965 οἰί
495 1912 551 1982 γάρ
578 1905 636 1964 οἷόν
660 1928 687 1965 τε

148 1997 294 2070 περαιτέρω
312 1997 441 2068 γενέσθαι
458 1999 504 2064 τήν
519 1997 613 2068 τομήν·
641 1996 687 2050 καὶ

146 2086 201 2156 γάρ
218 2085 270 2140 ὲάν
286 2085 324 2142 εἰς
340 2085 423 2157 μόρια
442 2085 590 2155 διαιροῖμεν
610 2083 638 2136 τδ
656 2081 687 2137 ἓν

146 2190 170 2225 κ.
188 2191 208 2226 τ,
226 2173 248 2226 λ.
286 2174 378 2242 (Haeo
396 2174 442 2238 iis,
462 2188 538 2241 quae
552 2187 685 2250 ssquun-

147 2262 203 2324 tur,
226 2260 318 2313 latius
339 2264 427 2328 alque
446 2259 615 2313 accuratius
634 2273 684 2311 ex-

145 2344 318 2414 plicantur.)

181 2432 221 2496 19,
231 2432 256 2485 7.
282 2433 400 2484 καλεῖται
421 2428 451 2483 δὲ
466 2429 552 2501 μονάς
564 2430 619 2494 ήτοι
631 2424 695 2504 άπδ

144 2518 190 2568 τοῦ
205 2513 299 2584 με’νειν
317 2517 443 2587 άτρεπτος
460 2515 506 2569 καί
523 2516 560 2587 μή
583 2510 685 2577 ἐξίστα-

145 2608 211 2654 σθαι
227 2605 271 2668 τῆς
288 2602 381 2669 ἑαυτῆς
392 2605 511 2674 φάσεως·
530 2603 619 2660 ὁσάκις
631 2604 685 2674 γάρ

146 2687 180 2739 ιίν
198 2708 222 2743 κ.
241 2708 260 2743 τ.
280 2691 301 2744 λ.

181 2777 272 2840 19,12.
299 2776 315 2840 ή
341 2772 395 2829 άπὸ
422 2779 466 2829 τοῦ
497 2775 686 2848 διακεκρίσθαι

144 2859 190 2913 καὶ
219 2865 400 2931 μεμονῶσθαι
429 2859 483 2914 οἰπδ
518 2865 563 2915 τοῦ
593 2864 686 2916 λοιποῦ

145 2947 263 3010 πλήθους
301 2950 354 3000 τῶν
395 2943 525 3017 άριθμῶν
568 2949 685 3002 καλεῖται

143 3033 236 3100 μονάς.

285 3147 367 3199 Theo
384 3161 433 3213 pg.
454 3149 494 3211 19,
504 3147 545 3201 21.

178 3247 238 3302 ὥστ’
255 3251 295 3313 εἴη
315 3248 349 3300 άν
368 3248 439 3319 ἀρχή
458 3251 511 3302 τῶν
527 3249 581 3321 μὲν
603 3247 683 3320 οἰριθ-

142 3337 205 3403 μῶν
222 3334 236 3398 ή
254 3336 347 3407 μονάς,
365 3337 419 3388 τῶν
437 3334 467 3389 δὲ
486 3337 644 3406 άριθμητοῖν
655 3338 682 3390 τδ

142 3418 185 3473 ἕν·
203 3422 249 3475 καί
267 3423 295 3474 τό
313 3421 345 3476 ἓν
363 3419 398 3477 ῶς
415 3416 446 3476 ἐν
464 3422 600 3489 αἰσθητοῖς
620 3422 682 3494 τέμ-

142 3509 240 3560 νεσθαί
261 3526 347 3577 φασιν
371 3509 409 3565 εἰς
429 3509 549 3578 ἄπειρον,
575 3504 626 3579 οὐχ
648 3509 682 3566 ῶς

142 3589 264 3663 άριθμδν
281 3590 345 3648 οὖδὲ
373 3595 408 3652 ῶς
437 3591 527 3664 άρχήν
551 3591 681 3666 άριθμοῦ,

142 3681 199 3733 ἀλλ’
217 3681 252 3736 ῶς
270 3679 398 3744 αἰσθητόν
405 3683 467 3751 ¹)
486 3681 532 3734 καί
550 3682 581 3734 τά
601 3678 681 3752 α’ριθ·

140 3767 211 3834 μητά
220 3769 274 3819 τῶν
282 3766 411 3837 άριθμῶν
419 3770 459 3831 εἴη
471 3767 505 3819 άν
518 3765 682 3838 διαφέροντα

141 3853 178 3924 τῷ
191 3852 222 3904 τά
235 3851 289 3922 μὲν
301 3854 412 3924 σώματα
425 3850 502 3920 εἶναι,
520 3853 551 3905 τά
567 3851 597 3907 δὲ
611 3849 682 3906 άσῶ·

140 3957 220 4008 ματα.
240 3938 331 3996 άπλῶς
350 3939 380 3994 δὲ
399 3939 488 4010 ἀρχάς
509 3935 638 4011 οἰριθμῶν
657 3943 682 3994 oi

879 1118 960 1173 Stob.
980 1120 1032 1172 ecl.
1051 1120 1075 1185 Ι,
1086 1121 1108 1172 1.
1118 1120 1143 1174 8.

774 1220 828 1274 ἔστι
858 1217 1001 1290 δ’άριθμδς
1031 1221 1066 1278 ῶς
1094 1221 1167 1294 τύπῳ
1193 1221 1282 1275 εἰπεῖν

738 1309 859 1378 σύστημα
887 1307 1025 1378 μονάδων,
1056 1308 1071 1373 ή
1100 1309 1282 1381 προποδισμδς

739 1393 858 1456 πλήθους
888 1393 942 1447 άπδ
976 1395 1095 1464 μονάδος
1129 1397 1282 1467 ἀρχόμενος

739 1477 785 1532 καί
804 1479 989 1550 άναποδισμδς
1010 1481 1048 1538 εἰς
1069 1482 1178 1554 μονάδα
1199 1504 1281 1538 κατα-

739 1565 836 1634 λήγων,
862 1568 985 1636 μονάδας
1007 1568 1038 1624 δὲ
1055 1570 1152 1638 (μονάς
1171 1570 1281 1642 δ’ἐστίί)

739 1652 904 1720 περαίνουσα
918 1657 1036 1723 ποσότης,
1055 1655 1108 1722 ήτις
1118 1656 1280 1729 μειουμένου

738 1739 783 1789 τοῦ
815 1738 934 1802 πλήθους
962 1744 1028 1795 κατά
1057 1744 1105 1808 τήν
1133 1742 1281 1813 ὑφαίρεσιν

739 1824 836 1880 παντὸς
862 1825 984 1898 άριθμοῦ
1011 1836 1171 1900 στερηθεῑσα
1194 1831 1281 1900 μονήν

737 1910 832 1963 τεκαὶ
854 1913 945 1966 στάσιν
966 1915 1104 1983 λαμβάνει.
1131 1914 1280 1986 περαιτέρω

738 1996 792 2066 γάρ
822 1999 865 2062 τῆς
892 2001 1010 2070 μονάδος
1039 2001 1054 2066 ή
1088 2002 1197 2067 ποσάτης
1232 2003 1281 2056 οὐκ

739 2079 829 2151 ἰσχύει
847 2083 1027 2150 ἀναποδίζον.
1048 2085 1115 2142 ὥστε

1045 2433 1132 2503 μονάς
1152 2433 1206 2496 ήτοι
1225 2429 1280 2486 dno·

736 2517 782 2568 τοῦ
800 2513 908 2569 ἑστάναι
924 2517 971 2570 καὶ
983 2519 1050 2571 κατά
1062 2515 1143 2572 ταάτά
1156 2519 1280 2576 ῶσοίτωε

738 2600 862 2670 ἄτρεπτος
878 2599 972 2671 μένειν

922 2773 937 2838 ἢ
955 2775 1009 2829 άπδ
1027 2779 1073 2831 τοῦ
1091 2778 1278 2847 διακεκρίσθαι

736 2859 783 2912 καὶ
800 2864 935 2918 παντελῶς
950 2866 1130 2933 μεμονῶσθαι
1150 2867 1195 2918 τοῦ
1214 2864 1279 2928 πλή-

736 2953 801 3004 θους
818 2948 935 3020 εὒλόγως
952 2944 1060 3014 ἐκλήθη.

907 3149 987 3205 Stob.
1005 3150 1029 3214 Ι,
1040 3149 1064 3216 1,
1073 3151 1098 3204 9.

768 3251 836 3307 τινὲς
861 3255 915 3305 τῶν
942 3252 1071 3324 άριθμῶν
1098 3251 1189 3323 ἀργήν
1211 3251 1277 3304 άπε-

735 3338 854 3408 φήναντο
872 3338 919 3402 τήν
935 3338 1052 3410 μονάδα,
1077 3340 1130 3391 τῶν
1148 3335 1179 3391 δὲ
1197 3337 1277 3408 άριθ-

733 3427 825 3494 μητῶν
841 3423 869 3476 τδ
888 3429 926 3491 ἔν,
944 3426 1020 3478 τοῦτο
1037 3421 1069 3477 δὲ
1086 3426 1166 3494 σῶμα
1183 3423 1277 3494 τεμνό-

733 3528 817 3580 μενον
834 3509 872 3566 εἰς
891 3510 1015 3582 ἄπειρον·
1044 3509 1111 3562 ῶστε
1136 3511 1168 3562 τά
1196 3505 1277 3578 άριθ-

733 3597 801 3667 μητά
819 3600 872 3650 τῶν
891 3597 1021 3666 ἀριθμῶν
1038 3595 1116 3665 ταύτῃ
1130 3594 1277 3647 διαλάττειν

733 3676 751 3753 ᾗ
779 3680 905 3752 διαφέρει
931 3682 962 3734 τά
989 3681 1101 3750 σώματα
1128 3684 1183 3734 τῶν
1204 3677 1276 3732 άοω-

732 3769 834 3838 μάτων.
860 3765 964 3820 εἰδέναι
991 3765 1022 3821 δὲ
1048 3766 1094 3819 καί
1120 3768 1194 3819 τοῦτο
1222 3765 1275 3833 χρή

734 3853 771 3907 ὅτι
796 3857 850 3907 τῶν
877 3853 1007 3923 ἀριθμῶν
1032 3851 1206 3922 εἰσηγήσαντο
1231 3851 1276 3905 τάς

734 3936 823 4026 άρχάς
835 3939 860 3992 οί
871 3939 924 4010 μὲν
938 3938 1060 4009 νεώτεροι
1072 3936 1118 4001 τήν
1129 3954 1156 3990 τε
1167 3935 1276 4009 μονάδα

229 4113 251 4181 ¹)
271 4114 354 4178 Quae
380 4114 427 4167 hic
456 4116 622 4183 ceterisque
649 4116 723 4168 locis
750 4115 839 4182 plura
867 4113 954 4167 habet
972 4112 1061 4176 Theo,
1089 4115 1140 4164 aut
1157 4110 1224 4177 ipso
1242 4126 1276 4164 ea

140 4199 314 4266 explicandi
332 4215 421 4254 causa
439 4201 556 4254 addidit
574 4201 632 4269 (pg.
650 4202 692 4266 47,
703 4202 736 4255 13
755 4195 803 4253 ἐπὶ
820 4199 847 4252 τά
865 4197 1073 4268 γνωριμώτερον
1094 4195 1276 4265 ἐξενεγκόντες

141 4283 395 4354 παραδεδώκαμεν),
421 4290 472 4338 aut
491 4286 644 4352 Stobaeus‚
673 4287 785 4353 quippe
813 4301 902 4353 quem
929 4283 1110 4352 gravissima
1137 4299 1274 4350 quaeque

145 4371 342 4439 exscripsisse
361 4375 464 4426 notum
477 4377 529 4437 esi,
548 4372 654 4436 omisit,
676 4375 727 4424 aut
738 4372 839 4440 potius
852 4374 1015 4438 utrumque
1028 4373 1073 4424 est
1085 4369 1273 4423 sumendum.

1137 4456 1170 4507 2ῆι
