3222 5166
807 459 1020 518 -58-

347 647 444 727 τριχῆ
479 640 675 708 διαστατόν.
710 641 893 727 διαφέρει
927 642 968 708 δὲ
995 644 1210 728 ἡτοιαύτη
1233 648 1316 710 τῶν
1338 641 1478 708 Ποδα-

348 749 522 829 γοριιιῶν
556 746 696 828 στάσις
729 753 801 831 τῆς
834 752 916 814 τῶν
950 749 1171 830 προτέρων.
1217 747 1368 812 ἐκεῖνοι
1405 745 1479 829 μὲν

348 847 420 932 γάρ
445 849 487 914 ἐκ
511 846 627 915 δυοῖν
652 849 798 932 ἀρχῶν,
823 856 894 935 τῆς
917 870 958 915 τε
980 849 1162 934 μονάδος
1186 852 1345 935 καὶτῆς
1369 848 1479 928 άορί-

246 1005 249 1011 ,
348 969 446 1017 στου
471 950 634 1034 δυάδος,
658 952 830 1018 ἐποίουν
853 953 950 1034 τούς
973 952 1192 1037 άριδμούς·
1223 953 1311 1018 εἶτα
1333 952 1375 1016 ἐκ
1397 956 1480 1017 τῶν

348 1053 539 1139 άριύμων
563 1062 709 1140 σημεῖα
732 1059 801 1121 καὶ
834 1057 906 1139 τάς
940 1056 1128 1140 γραμμάς
1161 1057 1209 1122 τά
1236 1077 1277 1122 τε
1304 1047 1481 1120 ἐπίπεδα

349 1161 533 1243 σχήματα
556 1158 694 1225 καὶτὰ
717 1160 873 1242 στερεά·
898 1158 1016 1225 οὗτοι
1039 1157 1080 1224 δὲ
1100 1159 1179 1225 tired
1201 1158 1479 1243 ἑνὸςσημείου

348 1261 396 1326 τά
419 1263 556 1327 πάντα
575 1265 879 1327 τεκταίνουσιν·
900 1261 936 1344 ἐξ
952 1261 1059 1327 αύτού
1075 1261 1139 1345 μὲν
1156 1263 1296 1347 γραμμὴ
1312 1261 1479 1345 eluendae,

349 1365 419 1434 ἀπὸ
443 1371 602 1450 γραμμῆς
626 1363 663 1430 δὲ
685 1365 880 1449 ἐπιφάνεια,
904 1365 975 1430 dard
1000 1363 1037 1430 δὲ
1052 1367 1183 1449 ταύτης
1200 1371 1299 1450 σῶμα
1312 1369 1343 1448 ¹).
1378 1367 1481 1432 Nullo

348 1470 445 1535 modo
468 1474 579 1550 potest
601 1468 757 1548 dubitari,
792 1470 870 1550 quin
895 1470 979 1535 haec
1002 1476 1106 1549 secta,
1142 1477 1227 1550 quae
1250 1475 1317 1535 tam
1342 1474 1480 1536 strenue

349 1574 554 1653 monismum,
579 1591 675 1653 quem
699 1572 823 1652 dicunt,
846 1573 1053 1654 profiteatur,
1085 1591 1171 1654 quae
1195 1574 1405 1639 Heraclitum
1429 1593 1481 1639 se·

349 1683 428 1742 outa
449 1677 590 1741 ·iluere
625 1675 734 1741 omnia
768 1695 809 1740 ex
844 1695 909 1741 uno
943 1675 1133 1756 contendat,
1168 1676 1308 1742 stoicam
1330 1677 1481 1758 proferat

350 1777 578 1861 doctrinam2).
627 1780 700 1844 Iam
724 1799 804 1844 vero
828 1779 928 1844 etiam
952 1779 984 1858 ii,
1008 1779 1048 1844 de
1073 1780 1192 1860 quibus
1215 1779 1354 1862 egimus
1377 1781 1481 1862 scrip-

349 1889 440 1950 tores
462 1883 589 1949 Iluere
613 1902 630 1946 e
654 1883 797 1948 monade
821 1883 961 1966 dyadem
987 1884 1040 1948 vel
1065 1903 1082 1949 e
1105 1889 1229 1964 puncto
1257 1885 1379 1950 lincam
1402 1903 1481 1950 con-

280 1989 282 1993 ’
349 1984 540 2069 sentiunt³).
586 1985 651 2052 Sed
689 1985 789 2051 etiarn
828 2005 869 2051 ex
906 1985 1067 2052 universa
1104 2006 1217 2053 eorum
1255 1986 1483 2069 disputatione

437 2175 457 2240 ¹)
476 2173 584 2226 Oonfer
602 2172 668 2226 adv.
687 2173 772 2239 phys.
790 2173 828 2237 ΙΙ,
838 2173 897 2238 281,
916 2172 982 2225 adv.
1001 2173 1059 2240 log.
1080 2173 1101 2237 I,
1111 2174 1152 2238 99,
1172 2174 1238 2226 adv.
1257 2189 1353 2240 geom.
1372 2173 1412 2228 19.

435 2259 458 2322 2)
477 2259 635 2314 Schmekel
653 2274 701 2326 pg.
720 2260 779 2312 401.
820 2260 933 2311 Mirum
960 2259 1051 2312 simul
1077 2260 1199 2312 ridetur
1225 2264 1253 2312 et
1279 2262 1373 2325 triste,
1400 2262 1480 2328 quod

351 2346 568 2411 Schmekelius,
596 2346 649 2412 qui
669 2349 729 2397 tam
757 2349 841 2397 ecrite
869 2345 1028 2412 utriusque
1047 2347 1165 2399 scholas
1183 2348 1338 2413 perspexit
1357 2348 1480 2401 diversi-

349 2438 446 2498 tatem,
476 2437 537 2485 tam
563 2431 637 2483 falso
665 2431 819 2485 contendit
845 2435 906 2498 (pg.
924 2433 985 2498 405)
1012 2432 1180 2485 Alexandri
1207 2437 1358 2486 auctorem
1385 2433 1481 2500 (Diog.

350 2520 432 2584 VIII,
444 2519 467 2584 1,
477 2519 523 2586 25)
541 2519 629 2585 sequi
647 2517 774 2570 eandem
787 2518 933 2571 rationem
946 2519 1078 2571 stoicam.
1109 2519 1185 2570 Nam
1197 2519 1284 2585 plane
1298 2520 1481 2572 contrarium

350 2610 395 2658 est
412 2621 526 2658 verum.
563 2604 705 2658 Conferas
724 2603 812 2656 modo

530 2707 706 2760 Alexandri.
1166 2707 1258 2761 Sexti.
1328 2737 1330 2744 ι

380 2809 479 2880 Ἀρχὴν
496 2807 549 2880 μὲν
567 2807 695 2861 ἁπάντων
711 2809 831 2879 μονάδα·
859 2805 890 2864 ἐκ
976 2806 1101 2879 διαφέρει
1119 2807 1150 2862 δὲ
1167 2808 1182 2872 ἦ
1200 2809 1302 2874 τοιαύτη
1321 2812 1480 2863 τῶνΠσθα-

349 2897 380 2950 δὲ
397 2899 440 2962 τῆς
456 2895 573 2966 μονάδος
592 2894 714 2964 άόριστον
741 2896 829 2948 δυάδα
856 2895 891 2952 οἷς
941 2897 1058 2965 γορικῶν
1076 2895 1163 2951 στάσις
1181 2897 1257 2964 (scil.
1276 2898 1368 2950 stoica
1385 2913 1479 2951 unum

349 2983 384 3036 άν
403 2981 467 3046 ὕλην
484 2984 514 3052 τῇ
532 2982 631 3053 μονάδι
650 2982 725 3053 αἰτίῳ
751 2982 806 3035 ὄντι
824 2982 889 3036 rino-
940 2983 1083 3050 profitens
1118 2983 1312 3052 principium)
1348 2985 1391 3047 τῆς
1428 2985 1481 3036 τῶν

347 3072 452 3134 στῆναι·
940 3065 1085 3138 προτέρων.
1103 3064 1201 3120 ἐκεῖνοι
1216 3066 1270 3139 μὲν
1282 3064 1341 3138 ’γάρ
1361 3064 1392 3124 ἐκ
1405 3068 1481 3122 δυοῖν

455 3205 456 3208 ,
489 3152 520 3208 ἐκ
539 3152 569 3208 δὲ
585 3157 629 3220 τῆς
645 3153 763 3224 μονάδος
780 3155 826 3207 καί
845 3158 890 3222 τῆς
941 3155 1046 3224 άρχῶν,
1081 3157 1125 3221 τῆς
1158 3171 1185 3207 τε
1214 3153 1332 3225 μονάδος
1360 3153 1408 3207 καὶ
1439 3158 1481 3220 τῆς

349 3240 473 3310 ἀορίστου
492 3240 589 3296 δυάδος
607 3241 665 3296 τούς
686 3237 830 3311 ἀριθμούς·
858 3242 889 3297 ὲκ
940 3240 1063 3310 ἀορίστου
1082 3241 1187 3306 δυάδος,
1205 3235 1315 3294 ἐποίουν
1330 3241 1388 3297 rude
1400 3236 1480 3313 άριθ-

348 3323 595 3398 staturianum
615 3329 644 3379 τά
665 3337 774 3395 σημεῖα·
800 3325 831 3384 ἐκ
858 3328 889 3382 δὲ
938 3328 1017 3398 μούς·
1039 3323 1097 3380 εἶτα
1119 3323 1151 3381 ἐκ
1168 3330 1222 3382 τοῖν
1240 3325 1369 3398 ἀριθμῶν
1385 3329 1417 3381 τά
1434 3345 1480 3392 ση-

347 3414 444 3466 τοδτων
461 3411 506 3468 τάς
523 3414 660 3484 γραμμάς,
679 3410 708 3478 ἐξ
727 3408 767 3469 ὦν
784 3415 815 3468 τά
827 3411 888 3470 ἐπί·
937 3422 1004 3485 μεῖα
1021 3412 1068 3466 καί
1084 3413 1129 3470 τάς
1141 3413 1271 3488 γραμμάς
1282 3414 1314 3466 τά
1325 3431 1353 3468 τε
1363 3410 1480 3469 ἐπίπεδα

347 3499 416 3552 urdo
437 3499 561 3570 σχήματα
596 3519 619 3555 κ.
629 3520 649 3555 τ.
660 3502 681 3555 λ.
938 3501 1063 3571 σχήματα
1089 3501 1135 3553 καί
1160 3499 1192 3552 τά
1219 3500 1324 3572 στερεά·
1351 3494 1422 3556 οὗτοι
1450 3501 1481 3554 δὲ

939 3586 993 3640 ont
1011 3585 1071 3642 ἑνάς
1088 3588 1198 3658 σημείου
1220 3586 1252 3639 τά
1272 3587 1361 3640 πάντα
1395 3590 1479 3643 ani.

431 3691 452 3757 ³)
471 3690 605 3744 Chalcid.
632 3707 681 3758 pg.
705 3690 823 3756 105‚1a:
852 3691 1045 3759 singularitas
1072 3691 1223 3744 cacumini
1249 3691 1479 3758 superimposita

339 3778 547 3829 ,summitatem
566 3781 654 3844 atque
674 3793 774 3830 urcem
793 3778 928 3831 obtinere
947 3778 1163 3842 consideratur,
1191 3782 1224 3830 ut
1242 3792 1297 3843 per
1315 3793 1380 3830 eam
1398 3780 1480 3832 velut

254 3919 259 3930 ,
346 3864 559 3916 emissaculum
588 3863 740 3931 quoddam
766 3869 919 3930 tamquam
943 3880 959 3916 s
979 3865 1049 3918 sinu
1068 3863 1157 3917 fontis
1175 3863 1319 3930 perennis
1336 3864 1479 3930 providae

345 3949 567 4016 intellegentiae
581 3951 667 4016 quasi
680 3951 802 4018 quidam
815 3951 908 4017 largis
921 3950 1018 4003 amnis
1031 3950 1133 4003 effluat
1146 3991 1151 4003 .
1166 3991 1171 4003 .
1185 3989 1192 4006 .
1211 3943 1343 4006 Macrob.
1353 3949 1376 4014 1,
1385 3951 1437 4014 vl,
1446 3951 1479 4002 4ss

346 4037 472 4089 monade
492 4036 571 4088 enim
590 4037 624 4088 in
642 4038 753 4090 vertice
772 4038 866 4090 locata
887 4039 965 4091 terni
983 4037 1104 4090 numeri
1123 4034 1159 4090 ab
1180 4037 1284 4092 eadem
1302 4052 1339 4089 ex
1352 4040 1478 4103 utraque

345 4126 428 4188 parte
446 4122 601 4174 fluxerunt
621 4161 666 4176 ...
694 4123 717 4189 I,
728 4123 779 4187 VI,
792 4124 822 4176 18
847 4123 921 4177 haec
939 4123 1032 4192 (dyas)
1051 4123 1087 4175 ab
1106 4123 1158 4175 illa
1178 4123 1392 4190 omnipotentia
1410 4123 1478 4176 soli·

343 4209 419 4262 taria
446 4208 595 4278 (monade)
622 4210 654 4261 in
682 4210 818 4276 corporis
845 4210 1052 4278 intellegibilis
1080 4210 1190 4262 lineam
1217 4211 1315 4276 prima
1346 4209 1478 4262 defluxit.

344 4295 460 4364 (ramur.
479 4295 512 4346 in
530 4295 595 4348 uic.
615 4296 700 4349 arith.
720 4311 769 4363 pg.
787 4297 855 4361 sno
874 4296 989 4350 eastern
1007 4294 1053 4346 κω
1072 4289 1165 4358 ἐμοι
1185 4293 1258 4363 ἀρχά
1277 4289 1394 4348 ἐστικαὶ
1413 4313 1479 4348 0101-

343 4389 420 4450 χεῐον
436 4381 535 4448 μήκους
553 4379 566 4444 ἡ
584 4381 686 4450 στιγμή,
707 4372 791 4450 ἧσπερ
804 4381 882 4449 ῥύσιν
898 4379 985 4450 φασὶν
997 4376 1067 4433 εἶναι
1081 4381 1105 4431 οἱ
1118 4379 1269 4450 γεωμέτραι
1282 4380 1328 4444 τήν
1340 4382 1478 4452 γραμμήν,
