3222 5166
789 476 1003 538 ...[6-

331 661 485 730 urnulam
516 659 638 726 decent
671 659 824 739 Pro'elus,
852 658 1058 738 Chaleidius‚
1072 659 1297 726 Plutarchus.
1343 659 1464 739 Itaque

330 769 444 832 aetum
468 769 517 832 est
540 763 583 830 de
606 764 670 828 hae
694 762 783 830 illius
807 762 973 844 opinione,
997 768 1030 828 et
1045 763 1173 828 Theoni
1196 762 1259 844 ipsi
1282 762 1370 828 hane
1389 762 1464 828 libri

330 876 461 950 nedem
483 885 558 935 esse
583 865 818 934 vindicandam
842 871 985 934 constat.

417 986 483 1054 Sed
517 985 649 1052 euinann
684 985 784 1052 dehet
816 1004 891 1051 eam
914 984 1017 1065 Theo,
1041 985 1198 1067 quoniam
1222 1005 1258 1052 se
1282 985 1363 1050 nihil
1386 986 1465 1051 novi

332 1090 531 1169 adlaturum,
555 1088 626 1168 sed,
651 1107 737 1169 quae
761 1089 818 1154 alii
842 1093 920 1154 ante
943 1107 980 1154 se
1003 1088 1233 1169 tradidissent,
1267 1088 1466 1155 dilucidiora

330 1191 537 1258 redditurum
562 1205 635 1258 esse
658 1191 730 1272 ipse
744 1191 949 1272 profitetur?
962 1189 984 1273 ¹)

333 1342 356 1402 χ
417 1313 598 1378 Habentur
619 1332 671 1396 pg.
697 1316 748 1391 84,
764 1318 801 1377 15
837 1309 990 1395 διαφέρει
1024 1309 1060 1376 δὲ
1094 1310 1279 1394 ἀναλογίας
1305 1313 1464 1397 μεσότης,

331 1414 448 1500 ἐπειδή
479 1416 509 1480 εί
541 1416 606 1497 μέν
639 1435 673 1478 τι
706 1412 881 1497 ἀναλογία,
916 1418 1020 1480 τοῦτο
1055 1417 1114 1480 καί
1139 1415 1298 1499 μεσότης,
1322 1417 1351 1481 εί
1374 1414 1410 1481 δέ
1432 1439 1466 1481 τι

330 1520 490 1604 μεσότης,
527 1518 591 1584 oen
624 1515 733 1598 εόδός
767 1516 942 1600 ἀναλογία,
982 1537 1067 1599 quae
1106 1538 1180 1585 eum
1215 1520 1335 1586 ceteris
1367 1539 1465 1601 prae-

331 1623 528 1690 cedentibus
561 1620 638 1686 inde
673 1640 769 1706 apg.
793 1626 845 1686 49.
871 1620 1011 1686 Adrasti
1040 1639 1115 1687 esse
1144 1640 1161 1686 e
1185 1622 1330 1688 Theonis
1353 1623 1466 1690 verbis

331 1727 543 1810 perspicuum
565 1729 627 1790 est.
664 1723 822 1804 Sequitur
835 1723 912 1789 inde
930 1743 950 1789 a
965 1743 1019 1807 pg.
1033 1729 1084 1803 85,
1099 1729 1118 1789 8
1133 1744 1238 1806 usque
1256 1725 1298 1791 ad
1313 1745 1367 1810 pg.
1380 1731 1465 1806 93,8

331 1830 568 1918 fragmentum,
603 1827 689 1908 qued
725 1846 744 1892 e
779 1826 948 1910 Thrasylli
981 1826 1126 1908 quodam
1160 1847 1261 1909 opere
1296 1836 1466 1911 sumptum

330 1952 406 1999 esse
429 1933 509 1998 item
522 1932 617 1997 Theo
640 1931 713 2014 ipse
736 1929 872 1996 indicat.
908 1930 992 2013 Qua
1006 1931 1040 1995 in
1064 1935 1215 1997 extrema
1238 1931 1465 2013 disputatione

329 2036 397 2121 (ng.
420 2034 520 2119 93‚8)
551 2034 667 2100 seribit
689 2035 788 2100 haec:
822 2034 881 2098 καί
903 2034 924 2117 ή
947 2032 1012 2118 μὲν
1034 2031 1105 2098 aaa
1131 2031 1332 2117 Θρασύλλου
1355 2057 1466 2118 παρα-

331 2139 497 2224 δεδομένη
521 2138 704 2222 κατατομή
727 2141 790 2203 τοῦ
814 2138 963 2220 κανόνος
986 2136 1053 2204 ῶδε
1076 2136 1152 2221 ἔχει.
1187 2137 1227 2203 ὃν
1262 2137 1299 2204 δὲ
1331 2140 1466 2222 τρόιτον

330 2244 389 2308 καί
412 2243 470 2308 ἐπὶ
491 2249 554 2328 τῆς
576 2247 649 2309 τῶν
672 2239 765 2307 ὅλων
785 2239 1019 2325 ἐφαρμόζεται
1041 2243 1201 2324 σφαίρας,
1236 2239 1377 2308 ἑτιειδάν
1407 2245 1466 2309 καί

330 2347 415 2429 τοὺς
438 2347 670 2431 ἀστρονομίας
693 2343 887 2429 όνιδῶμεδα
909 2342 1041 2428 λόγους,
1076 2343 1339 2429 σαραδείξομεν.
1374 2349 1466 2412 νυνί

330 2449 668 2534 δ’όπονέλόωμεν
705 2448 772 2514 ἐστὶ
809 2447 881 2514 τὸν
917 2452 999 2514 τῶν
1034 2446 1192 2514 λοιιιῶν
1235 2447 1465 2533 ἀναλογιῶν

330 2556 398 2625 καί
430 2555 670 2639 μεσοτήτων
703 2550 838 2634 λόγον,
872 2549 1029 2636 ἐπειδή,
1056 2552 1109 2633 ῶς
1133 2550 1301 2638 ἔφαμεν,
1326 2553 1347 2637 ή
1370 2552 1464 2620 ἀνα·
1596 2595 1597 2598 =

330 2657 447 2742 λογία
475 2659 543 2723 καί
564 2656 755 2740 μεσότης,
790 2655 836 2721 οά
867 2655 1010 2738 μέντοι
1032 2656 1054 2739 ἡ
1076 2655 1255 2740 μεσότης
1278 2657 1346 2722 καί
1369 2655 1463 2724 ἀνα-

330 2759 574 2845 λογία-καδδ
598 2757 640 2844 δή
664 2760 685 2843 ἡ
709 2757 875 2840 ἀναλογία
890 2759 950 2824 καί
968 2759 1118 2843 μεσότης
1138 2759 1240 2839 ἐστίν,
1265 2758 1464 2843 ἀκόλουδος

331 2863 375 2931 ἀν
404 2865 456 2948 εἴη
484 2864 509 2929 ό
545 2864 624 2945 περί
656 2865 729 2928 τῶν
763 2859 956 2944 ἀναλογιῶν
982 2863 1041 2926 καί
1063 2862 1143 2943 περὶ
1165 2867 1237 2928 τῶν
1258 2867 1464 2950 μεσοτήτων

330 2970 441 3054 λόγος,
474 2970 596 3053 quihus
630 2969 703 3034 luee
738 2968 863 3034 elarius
898 2966 1065 3052 signifieat
1099 2987 1135 3034 se
1171 2987 1260 3035 nune
1286 2969 1329 3035 ad
1354 2969 1464 3050 diamu-

332 3075 491 3141 tationem
528 3092 583 3157 pg.
615 3077 668 3138 85.
704 3070 874 3154 Thrasylli
911 3069 1099 3155 fragmento
1132 3072 1328 3154 interposito
1361 3072 1463 3138 inter-

331 3183 462 3260 ruptam
498 3177 584 3243 vella
618 3175 753 3242 reverti.
800 3174 867 3241 Sed
900 3181 1014 3242 tamen
1044 3175 1107 3240 hou
1127 3175 1326 3256 promissum
1350 3176 1463 3242 statim

331 3300 397 3348 non
432 3279 543 3360 elficit,
577 3278 636 3345 sed
669 3278 764 3360 prius
797 3277 908 3344 verbis
942 3275 1059 3361 ἐπειδή
1090 3276 1160 3359 δόξ)
1184 3279 1314 3361 πάντες
1337 3281 1370 3344 οί
1392 3283 1464 3346 τῶν

333 3387 545 3468 συμφωνῶν)
578 3379 774 3465 εόρέδησον
808 3379 912 3464 λόγοι,
947 3379 1044 3446 καδά
1068 3378 1246 3461 δέδεικται,
1276 3382 1313 3448 ἐν
1336 3388 1379 3468 τῇ
1401 3387 1464 3467 τῆς

332 3485 477 3568 δεκάδος
514 3485 707 3568 τετρακτόι,
745 3485 804 3549 καὶ
837 3486 917 3569 ιτερί
950 3485 1087 3552 τούτων
1119 3486 1291 3569 πρότερον
1324 3484 1464 3552 λεκτέον

331 3593 422 3658 illam
457 3591 497 3656 de
530 3589 680 3654 numeris
709 3587 1039 3656 dissertatiunculam
1064 3588 1224 3673 adiungit.
1271 3589 1347 3673 Qua
1369 3590 1465 3656 finita

332 3715 386 3782 pg.
412 3699 484 3774 106,
499 3697 539 3758 12
574 3692 705 3758 demum
727 3691 846 3756 iisdem
866 3691 938 3758 iare
962 3692 1084 3772 verbis,
1116 3693 1237 3774 quibus
1260 3699 1359 3760 antea
1384 3713 1464 3760 usus

333 3805 394 3879 est,
428 3797 611 3862 ἐπανιτέον
645 3792 682 3859 δὲ
704 3793 763 3860 ἀντὶ
785 3792 848 3859 τόν
870 3799 942 3861 τῶν
965 3794 1158 3880 ἀναλογιῶν
1181 3798 1240 3862 καί
1261 3800 1464 3883 μεσοτήτων

331 3899 434 3983 λόγον
468 3919 504 3966 re
538 3918 622 3966 vera
652 3899 694 3964 ad
719 3897 979 3979 disputationem
1002 3901 1223 3982 interruptam
1245 3902 1343 3984 redit,
1366 3917 1464 3983 quam

332 4003 471 4070 Adrasti
495 4021 569 4068 esse
593 4001 693 4068 etiam
715 4002 780 4067 hoe
803 4002 876 4068 loeo
900 4003 1013 4068 statim
1036 4004 1129 4070 nobis
1146 4005 1366 4086 apertedieit.
1401 4005 1464 4074 Oui

420 4226 428 4263 ι

416 4226 437 4379 2}
455 4223 706 4364 {enlm-mihi
724 4309 834 4362 Hilleri
861 4305 891 4362 δέ
919 4309 1057 4362 addentis
1086 4311 1266 4377 coniectura,
1293 4328 1368 4380 quaa
1396 4329 1465 4366 eum

329 4398 407 4450 levis
425 4401 489 4450 tum
507 4395 677 4450 necessaria
699 4395 826 4450 videtur.
