3222 5166
777 428 993 488 ..46-

321 610 424 676 iuisse
440 610 626 676 Favonium
647 611 838 694 Augustini,
866 611 922 692 qui
946 617 1152 692 quantopere
1176 613 1208 675 in
1233 630 1326 677 usum
1352 631 1455 676 voca-

321 714 409 808 verit
430 715 581 779 Marcum
605 715 797 779 Terentium
821 715 1057 798 pervulgatum
1083 726 1135 780 est
1148 714 1178 797 ¹).

407 815 606 898 Priusquam
642 823 752 883 autem
786 836 977 902 pergamus,
1012 819 1172 884 nonnulla
1207 824 1285 885 sunt
1310 819 1456 884 dicenda

322 919 362 984 de
397 918 509 985 Caroli
547 920 665 986 Friesii
701 920 844 1002 quadam
881 920 1223 1005 dissertatiuncula2).
1282 922 1385 988 Cuius
1425 922 1456 987 si

322 1021 430 1088 eredis
452 1023 658 1104 inscriptioni
684 1025 755 1102 „De
780 1025 824 1088 M.
841 1025 994 1089 Varrone
1021 1044 1041 1090 a
1063 1024 1215 1090 Favonio
1232 1025 1373 1106 Eulogio
1398 1043 1455 1089 ex·

321 1125 469 1207 press0“,
494 1126 557 1192 sibi
579 1127 754 1208 proposuit
777 1127 926 1192 Friesius
955 1147 1055 1212 agere
1080 1127 1120 1192 de
1146 1128 1297 1192 Varrone
1321 1126 1455 1212 Eulogii

324 1235 471 1310 auctore,
505 1230 555 1296 sin
581 1234 692 1296 autem
716 1231 888 1314 perlegisti
913 1231 1182 1312 disputationem,
1213 1238 1328 1311 stupes
1352 1236 1456 1310 atque

322 1351 461 1428 prorsus
485 1333 604 1413 nescio,
629 1333 706 1415 qnid
732 1334 877 1399 voluerit
890 1335 945 1399 vel
962 1335 1071 1414 potius
1088 1334 1165 1415 quid
1183 1334 1317 1399 tandem
1334 1333 1455 1398 effece-

322 1437 366 1501 rit
388 1436 444 1502 ille
468 1437 519 1500 vir
542 1436 668 1502 doctus.
713 1437 826 1502 Iactat
853 1437 937 1501 enim
966 1438 1021 1503 ille
1047 1437 1165 1519 paucis
1187 1436 1320 1520 paginis
1344 1438 1455 1502 Favo-

324 1539 425 1620 nium,
440 1539 658 1618 Macrobius,
675 1539 894 1630 Chaloidinm,
911 1540 1068 1620 Gellium,
1086 1539 1317 1620 Censorinum,
1329 1541 1456 1605 Varro-

324 1662 409 1722 nem,
421 1642 850 1723 Adrastum,Posidonium,
864 1644 960 1724 alios,
973 1644 1070 1709 modo
1084 1642 1292 1709 Clralcidium
1306 1644 1458 1724 sequitur

323 1745 526 1823 Macrobius,
561 1745 657 1811 modo
682 1747 877 1826 Varronem,
912 1746 1120 1812 Maorobium
1150 1746 1333 1827 Favorino,
1369 1766 1456 1827 qnae

324 1849 436 1915 omnia
458 1868 523 1914 non
547 1849 828 1928 demonstrantur,
863 1851 919 1915 sed
955 1851 1072 1930 paucis
1103 1856 1320 1931 utrorumque
1346 1849 1457 1914 verbis

325 1954 527 2034 comparatis
551 1958 676 2018 temere
700 1953 910 2037 colliguntur,
935 1954 1030 2019 modo
1052 1973 1212 2019 summam
1231 1954 1322 2019 ducit
1338 1953 1456 2017 mirum

324 2076 423 2138 quam
448 2057 641 2138 simpliciter
664 2057 715 2121 his
740 2055 914 2140 (pg.117):
940 2057 1113 2137 „Vidimus
1131 2056 1339 2123 Chalcidinm
1362 2056 1456 2136 sequi

324 2160 541 2241 Macrobinm,
576 2159 719 2226 vidimus
754 2160 893 2226 eundem
930 2160 1146 2244 singulariter
1180 2162 1354 2226 concinere
1383 2178 1457 2224 cum

325 2265 460 2328 Theone
483 2265 538 2329 vel
555 2261 593 2347 [i]
611 2262 772 2342 Adrasto,
797 2316 853 2329 ...
878 2264 1050 2330 Mavortius
1075 2270 1185 2331 autem
1204 2265 1372 2329 Martiano
1396 2282 1459 2328 nee

326 2386 391 2432 non
414 2367 586 2433 Macrobio
610 2367 756 2432 similior.
803 2366 891 2448 Quid
919 2369 1018 2451 crgo?
1063 2366 1268 2433 Chalcidium
1304 2367 1458 2431 novimus

326 2471 419 2551 sequi
456 2470 717 2551 Peripateticum
756 2471 848 2535 illum
883 2471 1079 2551 Adrastum,
1118 2491 1139 2536 a
1168 2472 1303 2536 Theone
1342 2469 1458 2534 adum-

327 2575 460 2659 bratum
484 2572 533 2657 [ll.
579 2574 749 2640 Adrastus
778 2593 852 2640 cum
875 2575 1028 2640 Platonis
1052 2575 1224 2640 Timaeum
1256 2579 1458 2639 commenta·

278 2763 285 2774 ·
327 2683 430 2757 retur,
463 2677 575 2743 iacere
610 2697 676 2744 non
709 2684 852 2760 poterat,
888 2679 967 2759 quin
992 2679 1207 2744 Posidoniani
1232 2675 1460 2744 commentarii

328 2781 490 2847 rationem
506 2783 646 2847 haberet
664 2779 713 2866 [il.
750 2783 935 2847 Varronem
952 2802 1083 2872 quoquc
1100 2783 1205 2848 multa
1222 2802 1262 2847 ex
1278 2779 1460 2847 Posidonio

329 2885 482 2952 hausisse
519 2889 778 2950 consentaneum
817 2885 954 2965 verique
992 2886 1193 2952 simillimum
1232 2889 1292 2951 est.
1346 2883 1460 2965 Quare

330 2988 467 3070 quodsi
493 2986 565 3072 [sic]
590 2989 800 3053 consentiunt
823 3007 947 3070 omnes,
972 3007 1054 3070 quos
1079 2989 1262 3067 attulimus,
1274 2989 1309 3052 in
1325 2987 1461 3068 quibus-

330 3092 417 3172 dam,
451 3092 486 3156 in
520 3091 717 3172 quibusdam
753 3092 799 3156 ab.
830 3092 945 3157 alteris
981 3092 1078 3157 alteri
1101 3091 1272 3170 recedunt,
1302 3089 1347 3154 nil
1369 3089 1460 3155 alind

331 3215 455 3261 causae
480 3201 541 3275 est,
565 3194 629 3260 nisi
654 3195 741 3275 quod
764 3195 967 3275 ChalcidinS,
992 3195 1118 3276 siquid
1144 3193 1252 3272 video,
1275 3192 1461 3258 Adrastum

331 3299 495 3381 exprimit,
520 3298 622 3363 ceteri
647 3299 831 3363 Varronem
859 3298 1090 3363 adumbrant.‘²
1137 3299 1199 3376 Mn,
1233 3297 1374 3377 inquies,
1407 3315 1462 3361 res

332 3407 384 3469 est
407 3402 573 3484 expedita,
598 3400 789 3468 Chalcidius
814 3407 846 3466 et
870 3403 961 3466 Theo
984 3401 1179 3479 Adrastum,
1204 3399 1322 3481 reliqui
1339 3400 1463 3465 Varro·

332 3526 405 3572 nem
419 3511 452 3570 et
465 3524 579 3570 omnes
593 3510 778 3586 sequuntur
789 3504 1017 3570 Posidonium.
1053 3505 1106 3568 lta
1119 3523 1199 3568 vero
1213 3503 1356 3568 fortasse
1369 3540 1409 3548 —
1424 3537 1465 3546 -—

333 3610 396 3677 Sed
422 3609 522 3674 alium
547 3609 738 3690 vituperare
762 3628 881 3690 parum
905 3609 996 3688 utile,
1026 3608 1247 3686 utilissimum,
1276 3605 1363 3687 qnod
1387 3623 1464 3686 pec·

334 3714 434 3793 cavit,
469 3712 658 3792 emendare,
694 3712 782 3794 quod
805 3716 897 3778 recte
921 3712 999 3795 egit,
1028 3712 1063 3776 in
1087 3730 1184 3776 usum
1207 3712 1341 3775 trahere
1366 3714 1464 3789 atque

334 3836 469 3901 augere.
514 3815 619 3882 Recte
654 3817 722 3900 egit
754 3816 809 3882 ille
846 3816 896 3880 vir
930 3815 1057 3895 doetus,
1082 3814 1168 3894 quod
1194 3813 1360 3880 nonnullis
1383 3811 1466 3877 locis

335 3921 434 3986 etiam
472 3920 630 3999 Gellium,
668 3919 898 3998 Censorinum,
935 3918 1137 3984 Manlianum
1172 3917 1344 3998 Capellam
1379 3933 1465 3980 com-

333 4025 475 4106 parandi
491 4043 597 4090 causa
613 4023 802 4090 advocavit.
839 4023 924 4087 Nam
941 4023 985 4101 hi,
1002 4041 1085 4102 qnos
1102 4021 1197 4086 nixos
1214 4039 1288 4085 esse
1304 4018 1467 4084 Varronis

425 4265 441 4332 ¹)
461 4265 568 4317 Confer
588 4265 680 4328 Diels,
700 4265 774 4315 Dox.
795 4263 843 4316 Gr.
863 4277 912 4329 pg.
930 4263 990 4326 2011,
1002 4263 1042 4314 27.

422 4351 441 4418 2)
460 4352 536 4403 Mus.
556 4352 648 4403 Rhen.
667 4351 709 4414 58,
727 4366 776 4416 pg.
798 4351 845 4402 115
865 4365 929 4416 sqq.
