3222 5166
799 453 1015 512 ,64-

564 634 656 689 Sexti.

340 740 427 792 άλλων
445 733 575 806 ςίριδμῶν
592 731 771 804 άπεργαστικῆ
785 735 881 788 συστά-

339 844 413 891 σεως,
433 823 446 888 ῆ
466 821 497 876 δὲ
514 823 580 878 δυάς
596 823 695 892 μήκους
712 816 784 876 ἐστίν
796 816 881 888 άπερ-

339 911 457 980 γασακῆ,
475 909 602 978 καθάπερ
620 907 674 977 γάρ
688 907 733 960 ἐπὶ
747 910 801 959 τῶν
812 924 880 976 γεω-

339 998 472 1068 μετρικῶν
519 994 616 1063 άρχῶν
668 992 879 1061 δαεδείξαμενῐ),

967 996 1069 1064 πρώτιις
1087 994 1170 1056 ἔδειξε
1186 995 1234 1058 τῆν
1250 997 1356 1066 στερεοῦ
1378 995 1476 1062 ᾳδσιν·

339 1087 446 1151 πρῶτον
463 1082 500 1137 τίς
517 1079 588 1135 έστιν
605 1079 734 1148 ῆστιγμιί,
756 1073 812 1131 εἶτα
824 1079 879 1146 μετ’
932 1087 1043 1144 σῆμεῐον
1072 1081 1133 1149 γάρ,
1170 1075 1227 1132 είτα
1259 1080 1379 1150 γραμμή,
1416 1075 1475 1132 εἶτα

340 1166 422 1234 αὖτῆν
436 1168 449 1232 ἡ
469 1166 581 1238 γραμμῆ
598 1169 682 1236 μῆκος
695 1160 807 1220 άπλατὲς
819 1181 880 1232 τυγ-
932 1161 1087 1235 ἐπιφάνεια,
1123 1162 1180 1218 είτα
1215 1166 1330 1236 στερεόν,
1371 1165 1386 1218 δ
1422 1165 1479 1220 ἐστι

340 1257 470 1325 χτίνουοα,
496 1255 540 1306 τόν
558 1248 638 1305 αὐτὸν
656 1253 753 1322 τρόπον
771 1251 816 1304 καί
835 1249 879 1304 έπί

340 1344 385 1394 τοῦ
411 1340 540 1409 παρόντος
567 1337 582 1402 ῆ
605 1337 658 1408 μὲν
674 1338 760 1408 μονάς
776 1339 822 1390 τδν
838 1340 882 1402 τῆς

340 1428 448 1496 στιγμῆς
474 1424 569 1496 έπέχει
597 1425 684 1493 λόγον,
713 1423 726 1489 ῆ
758 1424 788 1478 δὲ
818 1424 883 1478 δυάς

266 1565 268 1570 ,
340 1512 385 1564 τδν
410 1515 454 1578 τῆς
479 1515 607 1581 γραμμῆς
633 1511 678 1564 καί
709 1513 755 1564 τοῦ
783 1511 883 1580 μήκους

341 1638 388 1652 ...
407 1598 421 1662 ῆ
440 1597 472 1652 δέ
488 1597 561 1668 τριάς
578 1593 623 1651 ε’πί
641 1599 686 1649 τοῦ
707 1596 819 1652 πλάτους
837 1597 883 1649 καί

340 1688 383 1750 τῆς
409 1683 574 1754 ἐπιφανείας
599 1681 729 1739 ἐτέτακτο·
748 1723 754 1736 .
770 1723 796 1737 ..
815 1682 882 1735 άλλά

340 1771 392 1823 κάν
418 1768 590 1842 ἒπιθεωρῆσρ
617 1789 653 1824 τις
679 1771 710 1839 τῆ
737 1769 822 1837 τριάδι
843 1786 883 1822 τε·

339 1858 437 1926 τάρτῆν
464 1857 581 1925 μονάδα,
618 1852 728 1908 τουτέστι
761 1852 884 1924 τέταρτον

341 1949 459 2012 σημεῖον,
486 1942 588 2010 γίνεται
617 1939 745 2010 πυραμίς,
775 1940 884 2010 στερεδν

341 2031 421 2098 σῶμα
448 2027 494 2080 καὶ
520 2029 627 2097 σχῆμα
654 2025 700 2079 καὶ
727 2026 782 2095 γάρ
800 2029 883 2096 μῆκος

340 2113 462 2186 ἔχεικαὶ
481 2113 576 2168 πλάτος
593 2112 638 2166 καί
657 2112 750 2182 βάθος.
770 2109 835 2166 ῶστε
852 2109 883 2166 ἐν

341 2202 377 2272 τῳ
403 2196 517 2269 τέσσαρα
546 2199 657 2270 ἀριθμῷ
684 2199 729 2251 τδν
751 2201 805 2251 τοῦ
822 2200 884 2252 σῶ-

340 2305 439 2358 ματος
457 2281 635 2356 περιέχεσθαι
657 2285 744 2353 λόγον.
766 2284 812 2337 καί
829 2285 885 2356 μῆν

341 2371 387 2424 καί
413 2373 459 2426 τδν
484 2375 536 2436 τῆς
563 2373 683 2441 ψυχῆς·
712 2371 747 2427 ῶς
768 2372 822 2441 γάρ
839 2373 885 2424 τδν

342 2457 405 2510 ὅλον
422 2458 524 2528 κόσμον
540 2458 607 2511 κατά
626 2457 762 2528 ἁρμονίαν
779 2455 886 2526 λέγουσι

344 2543 511 2610 διοικεῖσθαι,
539 2541 607 2598 οδτω
634 2542 680 2596 καί
698 2543 726 2596 τδ
745 2545 814 2615 ζῷον
832 2552 886 2609 ψυ-

342 2631 496 2701 χοδσδαιῧ).
515 2629 591 2684 δοκεῖ
607 2628 639 2684 δέ
656 2629 670 2694 ἡ
688 2627 783 2685 τέλειος
800 2629 886 2700 ἁρμο-

343 2717 390 2769 νία
407 2714 439 2770 έν
456 2714 523 2786 τρισί
546 2717 716 2786 συμφωνίαις
738 2715 887 2784 λαμβάνειν

342 2801 391 2866 τῆν
407 2800 559 2868 δπόστασιν,
586 2804 618 2872 τῇ
643 2819 670 2856 τε
691 2802 735 2855 διά
755 2802 887 2872 τεττάρων

344 2887 390 2939 καί
407 2889 439 2958 τῆ
457 2887 500 2940 διά
519 2883 599 2940 πέντε
616 2889 662 2942 καί
680 2891 713 2960 τῇ
724 2888 770 2941 διά
783 2889 886 2942 πασῶν.

344 2971 358 3037 ἧ
385 2971 438 3042 μὲν
464 2966 513 3025 οὖν
538 2973 585 3025 διά
610 2975 747 3044 τεσσάρων
771 2969 803 3028 ε’ν
829 2970 887 3028 ε’πι-

343 3061 420 3130 τρίτῳ
438 3065 521 3112 κεῐται
539 3059 617 3131 λόγῳ,
644 3060 658 3124 ἡ
687 3059 718 3114 δὲ
746 3061 791 3113 διά
809 3058 888 3113 πέντε

344 3140 375 3199 ἒν
406 3144 523 3216 ἡμιολίῳ,
557 3144 570 3208 ῆ
599 3143 630 3199 δὲ
657 3146 703 3201 διά
732 3149 828 3199 πασῶν
856 3141 888 3200 ἐν

933 1251 1045 1320 σῶμαῖ).

1114 2192 1146 2250 οὐ
1175 2197 1261 2267 μόνον
1288 2195 1321 2250 δὲ
1349 2197 1395 2248 τδν
1426 2198 1477 2248 τοῦ

937 2284 1082 2354 σώματος
1099 2279 1195 2353 ἐπέχει
1213 2283 1294 2352 λόγον
1304 2280 1336 2336 έν
1350 2282 1479 2354 ἀριθμοῖς

936 2370 1033 2441 τετράς,
1060 2369 1127 2424 άλλά
1154 2369 1200 2422 καὶ
1226 2369 1271 2422 τδν
1289 2372 1340 2434 τῆς
1357 2373 1477 2438 ψυχῆς·

938 2456 973 2513 ῶς
990 2459 1044 2526 γάρ
1063 2458 1108 2509 τδν
1126 2453 1188 2508 δλον
1206 2455 1307 2526 κόσμον
1325 2453 1395 2524 φασί
1412 2457 1478 2508 κατά

937 2543 1074 2616 άρμονίαν
1101 2542 1268 2607 διοικεῖσθαι,
1295 2539 1363 2595 οδτω
1387 2540 1433 2594 καὶ
1451 2543 1478 2594 τδ

938 2632 1006 2702 ζῷον
1033 2630 1201 2698 ψυχοδσθαι,
1229 2627 1305 2680 δοκεῖ
1328 2625 1360 2681 δὲ
1384 2624 1480 2683 τέλειος

938 2714 1057 2786 άρμονία
1083 2712 1115 2768 έν
1141 2714 1209 2784 τρισὶ
1235 2713 1407 2783 συμφωνίαις
1425 2713 1480 2782 δᾳ-

937 2799 1054 2866 εστάναι,
1072 2802 1104 2870 τῇ
1122 2799 1167 2853 διά
1186 2799 1219 2866 δ’,
1239 2797 1291 2865 ῆτις
1307 2793 1338 2853 έν
1358 2792 1480 2868 ἐπιτρίτῳ

938 2893 1022 2940 κεῖται
1039 2885 1118 2957 λόγῳ,
1146 2889 1178 2956 τῇ
1196 2885 1241 2939 διδ
1259 2886 1282 2939 ε’
1308 2880 1340 2940 ἒν
1360 2883 1479 2956 ἡμιολίῳ,

939 2975 970 3043 τῇ
989 2973 1033 3026 διά
1052 2975 1149 3024 πασῶν
1166 2967 1197 3025 έν
1210 2971 1372 3025 ’διπλασίονι

431 3387 452 3454 ¹)
469 3388 545 3441 Adv.
559 3403 654 3455 geom.
670 3389 700 3440 19
713 3404 789 3455 sqq.:
813 3386 983 3439 διδάσκουσιν
1000 3386 1070 3457 ῆμιῐς
1088 3383 1126 3439 δτι
1144 3388 1225 3455 σῶμα
1242 3382 1295 3455 μέν
1313 3379 1367 3438 ἑστι
1386 3425 1433 3439 ...
1452 3387 1480 3436 τδ

343 3474 388 3528 τάς
414 3479 483 3541 τρεῖς
510 3471 576 3542 ἕχον
603 3472 757 3538 διαστάσεις,
784 3475 869 3543 μῆκος
896 3473 991 3528 πλάτος
1007 3473 1093 3540 βάθος
1177 3473 1286 3541 στιγμῆς
1304 3470 1359 3542 γάρ
1377 3472 1482 3540 ῥυείσας

343 3559 476 3630 γραμμῆν
501 3559 629 3628 γίνεσθαί
656 3577 732 3627 φασι,
759 3562 888 3630 γραμμῆς
915 3555 1121 3630 δ’ἐπιφάνειαν,
1146 3557 1309 3628 ἐπιφανείας
1327 3557 1357 3612 δὲ
1374 3557 1482 3628 στερεδν

344 3647 432 3716 σῶμα.
460 3645 532 3715 παρδ
558 3643 604 3697 καὶ
623 3643 826 3714 ὑπογράφοντες
844 3643 951 3714 λέγουσι
968 3645 1080 3715 στιγμῆν
1097 3643 1150 3716 μέν
1167 3639 1239 3697 εἶναι
1256 3651 1366 3715 σημεῖον
1383 3640 1482 3715 α’μερὲς

345 3730 391 3784 καὶ
419 3726 576 3783 ἀδιάστατον
603 3730 618 3795 ῆ
645 3729 730 3802 πέρας
755 3734 890 3800 γραμμῆς,
917 3731 1049 3802 γραμμῆν
1074 3729 1107 3784 δὲ
1131 3732 1215 3800 μῆκος
1233 3725 1347 3786 άπλατὲς
1365 3731 1381 3796 ἢ
1398 3730 1482 3801 πέρας

344 3813 515 3887 ἐπιφανείας,
540 3813 706 3886 ἐπιφάνειαν
730 3817 761 3872 δὲ
778 3816 863 3888 πέρας
881 3819 1003 3887 σώματος
1021 3817 1037 3882 ἢ
1054 3818 1151 3874 πλάτος
1170 3813 1280 3889 άραδίς.
1308 3837 1331 3872 κ.
1341 3836 1360 3872 τ.
1371 3819 1392 3872 λ.
1429 3821 1481 3874 cfr.

346 3906 412 3958 adv.
431 3905 518 3972 phys.
537 3905 621 3970 1‚430
639 3909 668 3958 et
685 3905 759 3958 alios
776 3905 867 3959 locos,

431 4007 452 4075 2)
472 4008 580 4062 Confer
600 4007 734 4062 Philonis
754 4008 791 4061 de
810 4024 856 4075 op.
875 4025 913 4063 m.
932 4023 981 4076 pg.
1003 4007 1218 4076 15‚1s(00hn).

431 4109 452 4178 3)
471 4110 579 4164 Confer
598 4111 664 4166 adv.
676 4112 735 4178 log.
753 4111 777 4176 Ι,
787 4111 820 4164 92
839 4111 866 4178 (a
885 4128 944 4180 quo
957 4111 1023 4166 loeo
1036 4127 1141 4166 sumus
1155 4111 1299 4178 profecti),
1318 4111 1384 4170 adv.
1397 4112 1474 4180 phys

346 4197 383 4261 11,
394 4195 452 4249 983.
488 4197 533 4248 Ne
562 4197 630 4263 quis
658 4197 831 4263 suspicetur
857 4197 982 4251 eSexto
1009 4197 1147 4251 hausisse
1166 4196 1348 4262 Anatolium,
1376 4212 1482 4250 moneo

345 4283 426 4336 idem
445 4281 533 4336 etiam
552 4282 741 4336 Macrobium
770 4288 799 4336 et
820 4299 966 4336 summam
986 4299 1087 4336 rerum
1107 4283 1264 4336 Philonsm
1283 4287 1312 4336 et
1330 4283 1480 4336 Thoonem

347 4373 375 4422 et
394 4367 582 4422 chalcidium
601 4369 771 4423 tradidisse.
