3222 5166
787 411 1001 470 „52-

434 592 583 646 Martiani.
826 593 961 644 Favonii.
1202 591 1357 644 Macrobii.

328 695 375 756 rit,
404 696 475 748 licet
511 697 576 762 eius
609 697 688 748 linea
1100 693 1176 762 (soil.
1189 692 1326 761 monade)
1345 694 1377 746 in
1398 709 1468 746 eor-

328 780 501 832 inseoabilis
545 797 577 833 ao
598 817 604 830 .
622 781 688 835 sine
1100 780 1182 847 poris
1200 779 1409 847 intellegibilis
1428 779 1466 830 li-

329 866 499 918 latitudinis
515 867 686 934 significati·
1101 881 1188 920 neam
1206 866 1304 932 prima
1326 864 1467 917 defluxit.

329 967 385 1004 one
395 951 546 1015 fundatur,
559 951 688 1018 dyadem

331 1042 429 1090 tamen
447 1038 525 1090 feeit.
1135 1039 1220 1092 Anat.
1238 1053 1286 1104 pg.
1305 1037 1347 1090 30.
1393 1035 1466 1105 μετα·

1100 1129 1212 1192 σημεῖον
1222 1121 1354 1192 γραμμήν
1363 1119 1466 1184 ἔδειξεν

510 1225 586 1277 quae
606 1211 688 1277 dyas,
1167 1205 1213 1259 καὶ
1236 1207 1318 1268 δόξαν
1340 1205 1371 1260 δὲ
1392 1205 1465 1258 ὠνό-

329 1295 409 1363 quod
437 1298 476 1349 sit
502 1295 599 1362 prima
619 1309 687 1362 pro·
1099 1297 1194 1363 μαζον,
1214 1290 1252 1344 ὅτι
1269 1293 1289 1345 τ’
1300 1288 1398 1356 ἀληθὲς
1416 1290 1465 1343 καὶ

330 1382 437 1434 creatio
479 1398 495 1434 a
534 1382 689 1435 nonnullis
1101 1377 1201 1442 ψεῦδος
1213 1373 1245 1433 ἑν
1259 1378 1321 1448 δόξῃ
1329 1379 1356 1445 ¹).
1370 1377 1407 1432 ἔτι
1416 1377 1465 1430 καὶ

329 1469 450 1536 genesis
469 1468 549 1521 dicta
1101 1463 1196 1528 ταύτην
1217 1461 1331 1518 ἐκάλουν
1350 1466 1463 1528 κίνησιν,

364 1555 527 1621 eademque
554 1555 689 1619 societas,
749 1569 798 1620 pg.
817 1552 841 1618 2,
851 1554 893 1606 25.
922 1557 1074 1608 Numerus
1101 1548 1208 1618 γένεσιν
1236 1550 1391 1618 μεταβολήν,
1423 1551 1463 1603 δι-

330 1641 410 1707 quod
440 1640 596 1693 vinculum
630 1655 688 1706 quo
716 1643 760 1692 est
779 1641 928 1706 quantitas
951 1655 1073 1708 congre·
1102 1638 1213 1706 αἰρεσιν,
1231 1639 1322 1704 μῆκος,
1346 1637 1461 1702 αὔξησιν,

329 1727 427 1778 media
474 1728 689 1779 connectantur
716 1725 834 1794 gabiliS,
857 1741 874 1776 a
893 1726 1011 1778 duobus
1030 1725 1074 1777 in·
1102 1722 1307 1776 κοινωνίαν...

328 1813 473 1865 habeatur
537 1811 689 1876 utrimque
715 1811 804 1864 itium
823 1825 954 1864 sumena.

331 1913 495 1950 commune.
515 1897 551 1949 ab
564 1897 620 1948 hae
632 1911 688 1947 nu·
749 1915 798 1966 pg.
817 1898 841 1962 3,
851 1897 893 1950 32.
927 1899 1007 1964 Dyas
1025 1912 1074 1949 re·
1137 1895 1203 1950 dode
1220 1892 1292 1963 ἀρχῆ
1312 1890 1440 1964 ἀριθμοῦ.

329 1999 430 2036 merus
458 1982 630 2048 auspicatur
661 1985 689 2034 et
715 2001 757 2050 ro,
780 1989 814 2037 ut
839 1983 971 2050 theologi
997 1997 1073 2036 asse·
1136 1979 1460 2047 Maerob.I,VI,18.dy-

329 2073 374 2121 est
401 2068 560 2135 opinabilis
585 2083 687 2134 eorpo-
715 2074 794 2135 runt,
823 2068 1003 2136 seeundus²)
1031 2073 1076 2122 est
1103 2084 1142 2133 as,
1162 2068 1232 2135 quia
1251 2069 1318 2133 post
1337 2067 1462 2120 monada

329 2154 402 2207 ratio
421 2159 580 2221 motusque
597 2154 689 2220 primi
715 2159 821 2209 motus
856 2155 977 2208 Primus
996 2155 1075 2208 enim
1102 2153 1199 2220 prima
1218 2156 1269 2218 est,
1288 2151 1405 2220 primus
1419 2157 1461 2205 est

329 2241 567 2308 probamentum.
715 2245 813 2295 motus
829 2241 862 2293 in
879 2241 1074 2294 monadesta-
1102 2253 1255 2293 numerus¹

713 2327 786 2381 bilis
805 2330 833 2380 et
851 2327 1025 2392 oonsistenS,
1042 2326 1076 2379 in

715 2413 842 2480 dyadem
876 2412 960 2466 velut
995 2413 1075 2465 foras

647 2517 648 2522 ¹
716 2498 871 2567 egreditur
955 2499 1003 2552 Ab
1018 2499 1074 2551 hoo
1136 2497 1222 2550 Anat.
1235 2513 1285 2564 pg.
1298 2498 1339 2550 30.
1359 2495 1417 2564 ἔχει
1434 2497 1459 2548 τὸ

715 2599 840 2638 numero
867 2583 1000 2636 mundus
1024 2599 1074 2650 ap·
1102 2577 1236 2651 ἀνάλογον
1269 2583 1302 2650 τῇ
1333 2579 1381 2651 ὕλῃ
1417 2580 1460 2634 καὶ

699 2663 815 2785 *puniit
836 2673 937 2723 mente
959 2685 993 2722 ao
1014 2685 1074 2722 ma·
1102 2666 1181 2720 παντὶ
1201 2665 1328 2739 αἰσθητῷ.

716 2757 799 2820 teria,
845 2771 921 2823 quae
963 2755 1075 2808 Graeoe

716 2841 827 2895 dieitur
845 2838 902 2906 ὕλη,
922 2846 1074 2894 construo-

715 2932 771 2981 tus.

415 3087 480 3154 Sed
516 3086 669 3166 quoniam
703 3084 967 3150 transscribendi
999 3083 1076 3150 mihi
1106 3088 1219 3150 essent
1241 3083 1302 3151 toti
1326 3083 1410 3163 libri,
1432 3085 1458 3150 si

329 3189 441 3255 omnia
473 3188 593 3254 vellem
627 3207 761 3270 ponere,
797 3207 883 3269 quae
918 3189 1017 3270 plane
1052 3193 1241 3271 oongruunt
1263 3187 1317 3253 vel
1342 3188 1458 3254 similia

330 3300 408 3359 suot
429 3294 464 3357 in
487 3292 608 3359 ceteris
632 3277 779 3358 nunreris
803 3292 969 3373 tractatio,
997 3291 1037 3366 de
1061 3291 1269 3375 gravissimis
1293 3293 1457 3358 nonnullis

329 3402 459 3462 tantum
483 3395 635 3475 monebo,
659 3400 772 3461 cetera
794 3395 954 3460 omittam.

374 3550 460 3602 Mart.
478 3563 527 3615 pg.
545 3547 639 3613 259,8.
759 3549 871 3601 Favon.
889 3562 938 3614 pg.
956 3549 1032 3613 4,16.
1159 3547 1276 3600 Anatol.
1295 3563 1344 3616 pg.
1363 3548 1404 3601 31.

363 3652 448 3704 Trias
492 3667 563 3704 vero
604 3651 687 3718 prin·
752 3651 812 3705 Sed
852 3652 923 3704 trias
958 3651 1076 3718 primus
1136 3649 1209 3718 τριᾶς
1292 3651 1396 3720 πρῶτός
1408 3645 1458 3704 ἐστι

329 3753 399 3805 oeps
418 3738 572 3804 inparium
583 3752 688 3789 nume·
717 3741 761 3789 est
778 3740 866 3802 totus,
885 3737 965 3803 quod
986 3737 1076 3789 habet
1103 3736 1237 3805 περισσός·
1267 3735 1385 3789 καλεῖται
1415 3735 1456 3789 ὑπ’

329 3840 381 3877 rus
395 3825 608 3890 perfectusque
621 3839 688 3876 cen·
716 3828 745 3876 et
762 3823 897 3877 medium
916 3862 922 3876 .
938 3863 963 3876 ..
1102 3821 1185 3898 ἐνίων
1202 3818 1303 3887 τέλειος,
1327 3820 1365 3875 ὅτι
1387 3823 1457 3890 πρῶ-

417 3981 434 4048 ¹)
453 3979 540 4032 Alex.
559 3980 591 4030 in
610 3979 737 4045 Metaph.
757 3995 805 4045 pg.
821 3979 906 4042 39,16
924 3978 1086 4044 Hayduok:
1109 3977 1190 4042 δόξαν
1208 3975 1240 4032 δὲ
1256 3977 1287 4031 aa*
1306 3976 1354 4030 δύο
1372 3975 1456 4030 dicire*

328 4061 370 4122 ἐπ’
390 4065 476 4134 ἄμφω
493 4062 656 4134 μεταβλητήν
674 4058 756 4116 εἶναι·
776 4062 869 4132 ἔλεγον
887 4059 917 4115 di
935 4061 981 4115 καὶ
998 4063 1102 4127 κίνησιν
1120 4059 1204 4128 αὐτὴν
1221 4060 1267 4115 καὶ
1284 4058 1415 4117 ἐπίθεσιν.

415 4152 437 4219 2)
456 4150 624 4204 Levissima
644 4150 855 4216 discrepantia,
883 4165 952 4202 oum
976 4155 1074 4204 motus
1093 4149 1210 4204 stabilis
1228 4166 1290 4203 non
1308 4150 1347 4204 sit
1364 4153 1456 4202 motus

329 4255 362 4292 re
381 4253 459 4296 vera.
496 4238 558 4290 Aut
576 4237 680 4300 Varro,
707 4241 740 4288 ut
759 4236 888 4300 videtur,
914 4240 1073 4304 utramque
1090 4235 1257 4304 protulerat
1275 4235 1455 4301 sententiam,

332 4329 382 4376 aut
399 4323 551 4376 Favonius
569 4337 631 4375 non
649 4323 729 4374 reete
747 4320 904 4376 intellexit.
