3222 5166
607 503 823 564 ..25-

150 692 216 757 aiio
240 691 412 773 scriptore.
458 691 502 754 Et
524 690 665 770 primum
690 688 871 770 quaeritur,
905 687 962 752 ubi
996 687 1041 753 sit
1066 685 1279 752 statuendum

147 794 277 859 initium
310 793 409 858 huius
442 793 628 872 particulae
661 792 861 872 inculcatae,
895 789 982 871 quod
1017 809 1091 856 esse
1119 809 1172 875 pg.
1196 793 1280 869 56,9

148 897 279 962 censuit
313 895 542 963 Schmekelius
556 893 587 979 ¹),
621 896 677 961 ille
711 895 845 978 quidem
880 893 978 959 valde
1014 912 1142 959 errans.
1195 894 1282 958 Nam

149 1001 281 1065 omnino
315 1019 380 1066 non
414 999 523 1081 potuit
555 999 637 1080 fieri,
671 999 764 1065 utin
787 997 903 1064 eodem
927 997 1011 1063 libro
1034 997 1193 1063 continua
1216 996 1281 1062 dis-

149 1103 324 1186 putatione
358 1107 508 1168 tractata
542 1121 593 1184 ea,
628 1122 715 1184 quae
739 1107 936 1184 sequuntur,
959 1100 1160 1184 legerentur.
1207 1099 1283 1182 Qua

150 1207 192 1273 de
214 1227 251 1271 re
274 1213 309 1271 ut
332 1206 392 1271 tibi
415 1205 634 1288 persuadeas
668 1206 824 1272 conferas
852 1204 962 1285 velim,
998 1223 1083 1286 quae
1117 1203 1284 1269 habentur

149 1328 204 1393 pg.
221 1315 368 1391 57,1—7
393 1315 427 1374 et
448 1328 502 1392 pg.
520 1314 571 1390 59,
586 1315 700 1374 3-12.
736 1309 863 1374 Eadem
879 1311 968 1388 sunt,
992 1307 1058 1374 nisi
1073 1307 1160 1388 quod
1178 1307 1283 1372 altero

150 1414 223 1479 loco
247 1413 287 1478 de
311 1433 377 1479 uno
393 1414 590 1498 Pythagora
613 1413 778 1494 dicuntur,
806 1431 893 1493 quae
916 1410 1023 1477 altero
1039 1410 1285 1476 distribuuntur

151 1517 292 1600 singulis
316 1517 549 1601 Pythagoreis.
597 1517 640 1582 nt
673 1517 737 1581 hac
770 1515 978 1598 potissimum
1012 1533 1048 1579 re
1072 1514 1285 1598 cognoscitur

152 1623 259 1687 altero
282 1621 355 1686 looo
378 1620 444 1705 (pg.
469 1618 523 1703 59)
556 1620 685 1685 initium
720 1637 841 1700 capere
869 1618 1092 1702 fragmentum
1116 1617 1158 1684 ad
1182 1617 1284 1682 alium

152 1724 348 1805 scriptorem
385 1723 621 1789 revocandum.
679 1721 762 1789 Cum
799 1723 886 1788 enim
922 1722 957 1786 in
994 1721 1045 1801 iis,
1084 1739 1171 1802 quae
1209 1723 1286 1785 suut

155 1828 304 1907 Adrasti,
328 1826 420 1892 nuda
443 1826 595 1892 doctrina
612 1834 798 1908 exponatur
815 1845 880 1891 uno
896 1824 1065 1890 nominato
1080 1825 1285 1907 Pythagora,
1341 1825 1344 1834 '

153 1932 206 1996 hio
239 1930 397 1996 historico
433 1938 469 1996 ut
501 1931 550 1996 ita
587 1931 694 1996 dicam
734 1948 856 2014 genere
894 1932 1082 2008 enarratur,
1121 1925 1300 2009 quomodo

153 2034 277 2119 singuli
298 2034 503 2117 Pythagorei
526 2033 808 2116 symphoniarum,
833 2051 920 2113 quae
943 2031 1110 2112 dicuntur,
1137 2030 1285 2096 rationes

153 2136 344 2203 invenerint
367 2142 468 2216 atque
491 2135 805 2202 demonstraverint.
845 2134 1036 2200 Occurrunt
1057 2133 1091 2199 in
1107 2140 1177 2199 tam
1192 2132 1287 2198 brevi

153 2242 341 2324 fragmento
375 2259 451 2306 cum
485 2239 612 2304 numeri
642 2238 792 2318 plurales
814 2236 933 2320 ἠξίουν
955 2234 1145 2320 λαμβάνειν
1169 2234 1287 2318 οἱμὲν

155 2338 1027 2425 ...οίόὲ...οίὸὲζ..ἐλάμβανσν...οίὸὲ
1054 2340 1287 2419 ἐπίεσαν...

155 2448 240 2531 φασί
345 2444 555 2512 ἀιιεόίὸοσαν
589 2452 660 2512 tum
694 2447 830 2511 nomina
852 2444 944 2524 Lasi,
967 2444 1122 2526 Hippasi,
1146 2442 1288 2522 Eudoxi,

154 2551 338 2634 Archytae.
383 2552 490 2616 Plane
513 2549 617 2633 igitur
639 2550 808 2615 diversum
832 2547 1020 2614 disserendi
1043 2566 1150 2632 genus
1173 2547 1288 2612 hahes.

154 2654 287 2720 Etiam
312 2653 447 2735 dudum,
481 2654 509 2720 si
533 2653 721 2732 meministi,
749 2651 843 2718 euius
865 2651 1037 2733 proprium
1061 2651 1104 2716 sit
1128 2648 1290 2716 eiusmodi

156 2777 261 2842 genus
285 2757 476 2838 enarrandi,
499 2762 618 2837 tecum,
640 2762 732 2837 puto,
756 2754 957 2836 diiudicasti,
982 2754 1110 2835 dequo
1134 2755 1178 2820 sit
1199 2753 1289 2836 cogi·

156 2861 294 2926 tandum
320 2866 468 2927 auctore.
514 2861 642 2940 Nempe
667 2858 707 2924 de
730 2858 915 2924 Moderato.
961 2858 1001 2922 Ei
1036 2877 1116 2941 ergo
1151 2862 1185 2922 et
1206 2857 1291 2922 haec

157 2964 389 3030 attribuamus.
436 2966 549 3045 Atque
573 2982 648 3029 eum
672 2962 776 3028 verba
799 2962 915 3043 oddag
939 2959 975 3026 δὲ
998 2960 1061 3042 σὰς
1084 2962 1290 3044 συμφωνίας

156 3069 303 3151 περιέχει
335 3069 357 3151 ἡ
390 3067 580 3150 τετρακτύς
614 3063 730 3132 μυί.
766 3063 831 3149 (pg.
858 3063 976 3147 58,13)
1011 3084 1085 3130 eum
1118 3065 1169 3145 iis,
1204 3083 1289 3146 quae

155 3171 364 3252 praecedunt
385 3171 544 3253 proxime,
569 3171 701 3236 omnino
725 3188 790 3235 non
815 3169 1029 3248 cohaereant,
1053 3167 1085 3233 id
1103 3167 1191 3248 quod
1206 3167 1291 3234 vidit
1360 3207 1361 3212 κ

157 3275 386 3341 SchmcheHus
395 3273 430 3356 ²),
453 3275 487 3339 in
510 3273 551 3340 iis
574 3278 697 3354 autem,
721 3291 808 3354 quae
832 3292 874 3338 ex
890 3271 1005 3338 eodem
1021 3271 1197 3337 Moderato
1214 3288 1291 3335 esse

157 3383 291 3458 sumpta
314 3377 380 3461 (pg.
406 3381 446 3442 93
464 3375 548 3458 sqq.)
572 3395 676 3458 supra
709 3375 1022 3454 demonstravimus,
1058 3380 1091 3439 et
1124 3373 1226 3439 latius
1250 3372 1291 3438 de

158 3481 387 3563 quaternione,
421 3499 519 3562 quem
553 3478 745 3562 carpenedo
779 3478 892 3544 dicunt
926 3477 1061 3558 Graeci,
1100 3480 1222 3561 agatur
1260 3479 1293 3540 et

158 3587 270 3652 verbis
305 3585 363 3649 καί
398 3584 433 3648 αί
467 3585 666 3666 συμφωνίαι
699 3580 736 3647 de
766 3580 972 3646 ιιᾶσαικαυ’
997 3576 1292 3663 condemnandos

158 3687 327 3773 ἀριθμόν)
353 3685 649 3771 συμπληρσῦνσαι,
673 3686 727 3767 ὡς
749 3683 915 3767 ἐὸείχιίη
950 3691 1066 3766 aperte
1096 3702 1293 3749 revocemur

159 3793 202 3860 ad
225 3794 310 3858 haee
332 3791 437 3857 verba
459 3790 526 3874 (pg.
547 3789 676 3872 58,13),
700 3790 836 3856 dubium
859 3807 935 3854 esse
958 3807 1024 3853 non
1048 3786 1191 3867 videtur,
1216 3786 1293 3867 quin

159 3898 221 3963 hoc
243 3897 316 3962 loeo
340 3894 406 3979 (pg.
423 3893 542 3976 58,13)
562 3893 724 3959 insertum
740 3892 907 3959 Moderati
922 3892 1147 3975 fragmentum
1162 3887 1293 3954 initium

159 4019 281 4083 capere
305 3999 350 4066 sit
373 3999 599 4066 statuendum.

245 4103 395 4187 Longius
418 4122 470 4168 me
495 4100 633 4168 deduxit
656 4100 850 4182 disputatio,
885 4099 945 4166 sed
978 4117 1045 4163 non
1068 4094 1194 4161 inutilis
1218 4113 1293 4160 esse

247 4343 267 4410 ¹)
285 4343 303 4395 1.
322 4343 343 4396 l.
361 4357 410 4408 pg.
428 4340 478 4393 411
499 4339 565 4394 adn.

247 4431 269 4500 2)
287 4432 307 4484 l.
325 4431 343 4482 1.
