3222 5166
821 462 1034 522 ..50-

566 644 699 698 Favonii.
1136 645 1306 698 Censorini.

362 746 455 798 Terra
482 747 519 798 ad
539 747 655 799 Lunam
680 745 758 799 τόνον
784 762 857 812 esse,
885 763 902 800 a
953 748 1064 800 stilbon
1083 752 1214 810 vocatur,
1240 748 1400 801 dimidium
1419 749 1494 820 eius,

361 832 447 884 Luna
460 831 496 883 ad
509 831 654 885 Mercurii
667 833 816 886 circulum
829 835 900 886 emi·
953 833 1036 886 velut
1052 835 1251 898 hemitonion;
1270 835 1342 887 hinc
1355 835 1392 887 ad
1405 833 1492 900 phos-

362 917 473 982 tonion,
491 918 623 987 indeque
638 919 676 972 ad
687 920 816 973 Veneris
830 919 900 972 emi-
952 919 1078 984 phoron,
1098 936 1176 987 quae
1194 924 1238 973 est
1250 921 1379 974 Veneris
1399 920 1493 983 stella,

361 1004 472 1068 tonion,
508 1020 525 1056 a
555 1021 614 1072 quo
645 1005 684 1058 ad
714 1005 813 1059 Solem
845 1005 902 1060 tria
953 1006 1016 1057 tere
1043 1006 1229 1071 tantundem,
1257 1008 1314 1059 hoo
1343 1011 1387 1059 cst
1412 1005 1493 1058 aliud

361 1090 514 1154 emitonia;
545 1106 562 1142 a
592 1091 669 1144 Solis
700 1096 798 1145 autem
830 1091 902 1144 orbe
953 1092 1153 1156 hemitonion,
1166 1093 1237 1146 inde
1250 1109 1341 1160 porro
1352 1094 1390 1146 ad
1399 1093 1492 1146 solem

362 1176 400 1228 ad
413 1175 561 1228 circulum
569 1177 713 1230 Martium
726 1182 901 1243 tononesse,
953 1183 999 1232 ter
1017 1183 1141 1244 tantum,
1169 1181 1256 1246 quasi
1277 1184 1383 1233 tonum
1400 1183 1431 1232 et
1449 1179 1491 1231 di-

362 1279 379 1315 a
398 1278 456 1330 quo
476 1262 514 1314 ad
532 1263 634 1314 Iovem
653 1263 827 1326 emitcnion;
855 1265 901 1316 in·
953 1264 1089 1318 midium.
1107 1264 1210 1331 itaque
1229 1267 1302 1318 solis
1316 1269 1430 1318 astrum
1442 1265 1491 1317 ab·

362 1348 459 1415 deque
488 1349 524 1400 ad
544 1347 667 1402 Saturni
692 1350 863 1414 emitonion,
886 1366 902 1402 a
954 1366 1018 1404 esse
1046 1367 1062 1404 a
1088 1353 1168 1402 terra
1193 1353 1280 1404 tonos
1306 1355 1367 1404 tres
1395 1354 1425 1404 et
1448 1349 1490 1402 di·

362 1450 422 1500 quo
459 1435 497 1487 ad
533 1435 717 1502 Signiferum
754 1436 901 1488 circulum
953 1437 1089 1502 midium,
1108 1436 1188 1503 quod
1206 1440 1331 1489 vocatur
1345 1437 1491 1503 diapente,

363 1520 500 1573 similiter
520 1520 694 1574 emitonion:
716 1521 757 1575 ita
775 1522 851 1587 fleri,
869 1525 902 1574 ut
954 1539 970 1575 a
988 1524 1061 1576 luna
1078 1526 1177 1575 autom
1195 1523 1270 1574 duos
1284 1526 1313 1575 et
1325 1523 1492 1587 dimidium,

363 1622 416 1660 sex
434 1607 647 1660 tonisoaelum
670 1607 758 1660 distet
779 1623 795 1659 a
813 1611 901 1673 terra,
954 1609 1035 1675 quod
1062 1613 1107 1661 ost
1134 1608 1183 1660 dia
1209 1612 1352 1662 tessaron.
1385 1625 1401 1661 a
1431 1610 1491 1661 sole

363 1693 523 1746 duodecim
576 1694 689 1747 seilicet
742 1693 901 1758 emitoniis,
954 1710 1024 1748 vero
1061 1695 1098 1747 ad
1137 1695 1255 1746 stellam
1290 1695 1404 1760 Martie,
1445 1695 1490 1747 cui

362 1778 489 1845 flerique
502 1779 549 1831 his
562 1779 687 1832 traditas
698 1779 900 1846 symphonias.
953 1796 1064 1834 nomen
1094 1784 1138 1832 est
1166 1783 1279 1847 pyrois
1315 1780 1489 1834 tantundem

363 1865 499 1930 Namque
518 1880 534 1916 a
552 1869 631 1917 terra
649 1866 687 1917 ad
707 1866 784 1919 Solis
804 1866 900 1919 circu·
954 1865 1104 1920 intervalli
1121 1882 1193 1930 esse,
1213 1871 1359 1933 quantum
1378 1883 1394 1919 a
1413 1872 1488 1920 terra

361 1950 425 2002 lum
462 1951 645 2003 diatessaron
680 1951 784 2003 reboat
822 1966 900 2017 sym·
954 1954 992 2006 ad
1009 1953 1120 2017 lunam,
1146 1953 1239 2019 idque
1266 1954 1365 2005 tacere
1388 1957 1488 2014 tonon;

362 2036 474 2102 phonia
485 2036 511 2104 ¹),
530 2035 638 2088 aSoiis
657 2052 728 2089 vero
747 2037 784 2089 ad
803 2038 900 2090 zodia·
953 2039 1024 2092 hinc
1063 2039 1101 2090 ad
1136 2039 1216 2091 Iovis
1257 2039 1381 2102 stellam,
1417 2053 1489 2105 quae

364 2137 432 2174 cum
452 2123 598 2188 diapente.
954 2126 1086 2178 Phaeton
1120 2125 1297 2191 appellatur,
1332 2123 1489 2177 dimidium

825 2221 826 2226 ’
954 2210 1028 2275 eius,
1059 2210 1141 2277 quod
1174 2211 1261 2264 faciat
1294 2209 1488 2270 hemitonion;

914 2325 917 2330 ·
955 2297 1130 2349 tantundem
1162 2312 1178 2349 a
1204 2297 1275 2349 Iove
1304 2296 1342 2349 ad
1370 2296 1489 2350 Saturni

954 2382 1079 2447 stellam,
1098 2382 1147 2434 oui
1165 2382 1304 2447 phaenon
1318 2397 1426 2435 nomen
1439 2387 1488 2443 est,

952 2469 985 2520 id
1013 2472 1057 2521 est
1084 2467 1167 2520 aliud
1193 2468 1390 2531 hemitonion;
1419 2468 1489 2520 inde

954 2555 992 2607 ad
1011 2568 1164 2608 summum
1183 2553 1306 2619 caelum,
1333 2554 1388 2607 ubi
1406 2554 1500 2621 signa

953 2644 1032 2705 sunt,
1046 2639 1173 2706 perinde
1183 2639 1376 2692 hemitonion.
1393 2640 1489 2706 itaquo

953 2743 970 2779 a
996 2728 1076 2780 caelo
1103 2741 1220 2779 summo
1248 2726 1285 2778 ad
1313 2726 1406 2779 solem
1430 2727 1488 2778 dia-

954 2816 1047 2865 stema
1066 2827 1131 2866 esse
1150 2812 1199 2864 dia
1219 2815 1362 2878 tessaron,
1390 2813 1420 2864 id
1448 2817 1490 2865 est

954 2899 1083 2950 duorum
1105 2901 1244 2951 tonorum
1268 2902 1297 2951 et
1320 2897 1435 2963 dimidi,
1453 2899 1490 2950 ad

952 2987 1049 3038 terrae
1082 2989 1182 3038 autom
1218 2983 1418 3037 summitatem
1453 2984 1488 3036 ab

953 3071 1058 3124 eodem
1080 3072 1161 3124 caelo
1184 3074 1269 3125 tonos
1292 3086 1358 3124 esse
1379 3087 1440 3136 sex,
1457 3070 1489 3122 in

953 3159 1065 3226 quibus
1085 3158 1124 3211 sit
1138 3157 1291 3224 diapason
1305 3157 1489 3225 symphonia.

447 3313 522 3378 Non
545 3314 685 3380 multum
701 3316 828 3396 valent,
852 3316 1009 3396 concede,
1033 3334 1120 3397 quae
1137 3314 1243 3396 effeci,
1266 3309 1409 3398 singula,
1432 3315 1488 3379 sed

361 3417 390 3481 si
423 3417 616 3483 consideras
651 3418 761 3485 omnia
794 3421 879 3486 haec
914 3419 1093 3485 coniuncta
1126 3424 1297 3500 tamquam
1320 3418 1435 3502 virgas
1456 3418 1487 3482 in

360 3519 477 3586 fabula
510 3539 612 3600 unum
645 3526 751 3587 totum
788 3523 889 3604 idque
927 3522 1151 3588 firmissimum
1187 3521 1310 3602 iacere,
1349 3522 1488 3601 minime,

360 3628 452 3704 puto,
475 3623 533 3688 tibi
557 3628 610 3690 est
633 3624 778 3704 dubium,
803 3625 881 3706 quin
905 3626 1026 3706 omnia,
1050 3645 1137 3706 quae
1153 3625 1293 3706 praebet
1307 3626 1488 3704 Favonius

361 3727 390 3791 ei
425 3727 692 3808 suppeditaverit
724 3728 811 3794 idem
834 3731 954 3810 Varro,
991 3749 1008 3795 e
1043 3729 1138 3795 ouius
1167 3729 1258 3794 libris
1283 3730 1382 3795 etiam
1405 3729 1487 3796 Oen-

360 3830 503 3912 sorinuS,
527 3831 669 3914 Gellius,
692 3834 882 3900 Martianus
907 3853 969 3900 sua
993 3834 1280 3915 deprompserunt.

446 3935 542 4000 Nunc
566 3935 721 4016 quoniam
744 3957 786 4003 ex
809 3957 873 4003 uno
890 3938 1043 4003 Varrone
1059 3940 1220 4018 quattuor
1235 3937 1296 4003 hos
1312 3937 1488 4019 scriptores

448 4124 466 4190 ¹)
484 4125 573 4176 Errat
584 4125 745 4178 Favonius.
778 4127 855 4178 Nam
873 4129 933 4179 tres
952 4124 1014 4178 toni
1033 4128 1062 4177 et
1081 4125 1241 4178 dimidium
1260 4129 1332 4179 sunt
1345 4125 1488 4192 diapente,

360 4210 419 4263 duo
439 4215 468 4263 et
487 4210 647 4263 dimidium
667 4211 853 4265 diatessaron
872 4212 1058 4280 symphonia.
1086 4213 1190 4278 Itaque
1210 4227 1226 4264 a
1244 4216 1324 4264 terra
1343 4211 1381 4264 ad
1398 4212 1489 4264 solem

360 4296 507 4362 diapente,
526 4312 543 4348 a
562 4297 623 4349 sole
642 4297 679 4349 ad
698 4299 854 4352 zodiacum
874 4298 1061 4352 diatessaron
1078 4297 1264 4364 symphonia.
1294 4297 1401 4350 Oonfer
1415 4297 1487 4350 Oen-

360 4397 504 4434 soranum.
