3222 5166
786 477 1001 535 ..20-

530 658 667 712 Theonis.
785 651 788 656 ’
1032 659 1150 714 Stobaei
1169 659 1345 729 (Moderati).

327 761 381 834 μὲν
397 759 508 830 ὕστερόν
526 778 594 829 φασι
605 761 653 836 τήν
664 779 691 814 τε
701 761 809 831 μονάδα
822 761 867 813 καὶ
920 759 965 814 καὶ
991 763 1037 826 τήν
1064 762 1159 829 dudda,
1187 764 1213 815 οἱ
1231 761 1261 816 δὲ
1280 762 1460 831 Πυθαγόρειοι

328 848 375 911 τήν
401 847 497 912 duddo,
525 849 550 898 οἱ
576 845 606 900 dd
633 843 686 899 <ind
706 849 868 917 Πυθαγόρου
920 849 1007 904 πάσσε
1033 849 1108 918 παριὶ
1134 850 1162 901 τό
1180 849 1237 911 ἑξῆς
1254 850 1299 903 tris
1317 852 1370 902 τῶν
1387 847 1460 917 ὅρων

330 936 417 990 πάσας
434 933 500 986 κυνὶ
519 933 547 985 ad
569 932 627 996 ἑξῆς
653 934 697 989 ads
723 936 776 986 τῶν
797 933 869 1003 ὅρων
919 931 1046 1000 ἐκθέσεις,
1074 936 1107 987 δι’
1123 928 1163 987 ὦν
1185 935 1270 1006 ‹ipuni
1293 954 1318 988 τε
1341 935 1385 987 καὶ
1414 951 1460 985 νε-

329 1017 456 1086 instans,
473 1020 505 1073 δι’
517 1013 556 1073 ὦν
566 1019 651 1089 ἄρτιοί
659 1039 686 1073 τε
696 1022 740 1072 καὶ
752 1019 868 1089 περιττοὶ
922 1022 998 1091 (nimi
1018 1025 1147 1075 νοουντιιι.

329 1109 459 1172 νυοῦντσι,
478 1100 606 1158 οἷοντῶν
626 1105 657 1160 ὲν
691 1125 714 1160 κ.
734 1125 753 1160 τ,
773 1107 794 1160 λ,

415 1264 540 1330 llodem
565 1265 661 1330 modo
685 1266 795 1348 pergit
809 1267 901 1330 Theo
925 1265 1089 1332 disserere
1113 1266 1339 1331 denariorum
1357 1265 1461 1330 variis

331 1369 516 1446 sententiis,
550 1367 734 1450 Archytae,
767 1368 923 1448 Philolai,
958 1369 1109 1447 aliorum,
1147 1374 1180 1433 et
1212 1373 1281 1434 tum
1316 1369 1461 1449 explicat

332 1473 446 1538 eodem
469 1470 566 1535 modo
587 1470 627 1535 de
644 1471 791 1536 numeris
806 1471 889 1551 ipsis
906 1491 1086 1553 eorumque
1104 1472 1322 1552 qualitatibus
1339 1471 1461 1552 ubique

331 1575 469 1641 vocibus
492 1571 645 1652 καλοῦσι,
670 1574 775 1655 φασιν
810 1574 885 1638 aliis
919 1574 1120 1658 significans,
1155 1579 1192 1640 ut
1224 1575 1291 1640 iam
1316 1575 1393 1656 dixi,
1424 1594 1461 1641 se

331 1679 617 1763 Pythagoreorum
643 1676 810 1742 doctrinas
834 1678 1001 1757 exhibere,
1024 1678 1073 1743 ita
1096 1683 1134 1743 ut
1156 1697 1263 1758 nemo,
1286 1680 1343 1760 qui
1364 1698 1461 1744 accu-

332 1783 439 1849 ratius
473 1800 559 1862 quae
594 1781 732 1861 exposui
766 1780 1038 1862 consideraverit,
1065 1780 1219 1847 dubitare
1241 1784 1358 1862 possit,
1383 1783 1461 1864 quin

334 1887 434 1951 etiam
467 1883 596 1964 reliqua
629 1884 696 1948 sint
729 1884 904 1950 Moderati.
951 1885 1013 1952 Oui
1048 1885 1260 1950 coniecturae
1295 1885 1381 1966 quod
1411 1905 1462 1951 re-

334 1989 494 2072 fragetur,
518 2007 580 2070 ego
604 1987 737 2068 quidem
761 1988 842 2053 nihil
866 1989 972 2069 video,
997 2007 1196 2069 quamquam
1219 1989 1365 2054 concedo
1382 2007 1462 2053 non-

334 2093 426 2158 nulla
449 2110 491 2156 ex
512 2091 563 2171 iis,
598 2110 685 2171 quae
720 2091 908 2172 explicandi
942 2092 1052 2174 gratia
1075 2092 1185 2173 posita
1208 2098 1297 2168 sunt,
1321 2091 1463 2157 fortasse

333 2196 438 2278 ipsius
462 2213 536 2260 esse
560 2194 714 2259 Theonis.

418 2315 460 2380 In
483 2319 633 2380 extrema
654 2321 750 2396 parte
773 2317 881 2394 huius,
906 2316 945 2380 do
970 2335 1037 2396 qua
1054 2317 1192 2398 egimus,
1216 2316 1464 2397 disputationis

333 2422 492 2502 leguntur
524 2419 609 2482 haec
643 2416 788 2499 (46,12):
823 2416 863 2482 ὃν
890 2415 973 2499 (scil.
997 2418 1059 2482 τὸν
1083 2416 1167 2483 δέκα
1190 2417 1357 2502 ἀριθμόν)
1381 2417 1463 2484 aad*

334 2523 451 2605 ἕτερον
484 2519 587 2602 λόγον
621 2518 750 2586 τέλειον
784 2520 918 2604 ἔφασαν
953 2523 985 2585 oi
1011 2519 1260 2604 Hudoyoplnot
1295 2523 1388 2604 περὶ
1421 2520 1467 2587 οὗ

335 2625 438 2692 κατὰ
471 2624 544 2708 τὴν
579 2625 735 2689 οἰκείαν
766 2625 902 2707 χώραν
937 2622 1218 2707 ἀποδώσομεν.
1264 2627 1327 2692 His
1356 2625 1466 2691 verbis

336 2728 513 2795 manifesto
538 2727 580 2793 ad
604 2748 678 2793 eam
695 2729 841 2794 Theonei
864 2728 938 2793 libri
960 2734 1103 2810 partem,
1127 2748 1147 2794 a
1170 2748 1238 2811 qua
1261 2749 1376 2795 sumus
1399 2729 1466 2795 orsi

336 2837 403 2914 (pg.
427 2836 468 2896 93
485 2828 582 2914 εσυ),
605 2851 813 2912 revocamur,
837 2852 910 2897 cum
935 2832 1001 2898 alio
1024 2833 1096 2897 loco
1118 2831 1158 2898 de
1175 2833 1313 2899 denario
1330 2852 1467 2898 numero

336 2955 402 3002 non
427 2939 558 3018 agatur.
602 2933 715 3016 Quare
740 2933 781 3000 ad
806 2954 879 3000 eam
902 2940 1123 3001 revertamur.
1159 2937 1277 3016 Neque
1300 2936 1466 3020 Thrasylli

337 3057 444 3120 neque
469 3038 610 3103 Adrasti
634 3044 694 3118 est,
730 3046 766 3104 ut
791 3041 857 3104 iam
881 3039 1192 3104 demonstravimus.
1238 3040 1365 3106 Locum
1390 3058 1467 3123 ergo

337 3143 444 3223 ipsum
480 3141 706 3221 inspiciamus,
742 3142 770 3206 si
805 3141 881 3222 quid
912 3142 985 3207 elici
1009 3143 1124 3222 possit.
1170 3143 1231 3226 Pg.
1255 3147 1469 3222 94,10-96,4

339 3248 540 3327 explanatur
562 3244 720 3324 secunda,
745 3263 831 3325 quae
855 3245 985 3323 dicitur,
1009 3250 1182 3329 tetractys.
1229 3250 1343 3327 Atque
1369 3246 1467 3311 iidem

338 3351 370 3415 in
395 3369 492 3416 usum
515 3354 679 3415 vocantur
706 3350 834 3414 numeri
859 3355 885 3414 1.
910 3355 939 3414 2.
963 3355 993 3414 4.
1018 3355 1046 3414 8.
1072 3355 1100 3414 3.
1125 3355 1153 3414 9.
1178 3355 1229 3430 27,
1265 3369 1348 3430 quos
1372 3350 1468 3416 Plato

341 3455 381 3520 ad
417 3452 641 3538 generandam
676 3452 790 3516 mundi
826 3453 970 3517 animam
1005 3453 1038 3516 in
1070 3452 1207 3517 Timaeo
1242 3453 1403 3532 adhibuit,
1438 3457 1470 3518 et

340 3557 455 3623 eodem
479 3556 575 3620 modo
600 3556 819 3635 explicantur,
856 3574 920 3634 quo
944 3555 1096 3620 Platonis
1130 3555 1331 3635 interpretes
1355 3557 1396 3624 iis
1420 3555 1470 3621 usi

340 3665 418 3727 sunt
450 3660 484 3723 in
518 3659 772 3738 interpretanda
796 3659 948 3724 Platonis
982 3659 1142 3723 doctrina.
1190 3659 1256 3724 Sed
1283 3660 1374 3725 Theo
1409 3659 1470 3724 hoc

340 3768 411 3831 loco
436 3762 568 3829 omnino
593 3781 657 3826 non
681 3762 818 3843 respicit
832 3762 914 3826 illud
930 3763 1141 3827 Platonicum
1166 3763 1293 3846 dogma.
1333 3764 1470 3830 Numeri

341 3867 597 3934 considerantur
626 3885 686 3946 per
709 3884 756 3944 se,
791 3872 955 3944 quatenus
991 3871 1184 3945 comparent
1219 3866 1251 3929 in
1279 3867 1320 3931 iis
1343 3867 1471 3948 primae

342 3972 489 4037 musicae
523 3969 670 4034 rationes
705 3965 752 4050 (οἱ
785 3965 987 4049 σελειόιεροι
1021 3972 1092 4032 τῶν
1116 3973 1330 4052 συμφωνιῶν
1353 3967 1471 4052 λόγοι).

342 4075 473 4157 Quibus
507 4073 665 4154 expositis
699 4073 806 4138 obiter
839 4076 970 4138 tantum
1004 4092 1057 4155 pg.
1082 4078 1133 4153 hd,
1145 4081 1166 4138 4
1193 4074 1328 4139 additur
1361 4073 1398 4138 ἐν
1421 4073 1474 4154 οἷς

342 4176 507 4261 ἀριθμοῖς
541 4178 607 4241 καὶ
639 4177 704 4260 τὴν
739 4175 856 4258 ψυχὴν
891 4177 1089 4259 συνίστησιν
1124 4177 1142 4240 ὁ
1169 4175 1321 4242 Πλάτων
1356 4176 1392 4241 ἐν
1423 4183 1473 4262 τῷ

346 4281 488 4364 Τιμαίῳ.
523 4281 637 4346 Facile
655 4280 749 4346 vides
767 4286 936 4344 auctorem
955 4281 1131 4346 simulasse
1148 4282 1324 4346 Platonem
1342 4281 1475 4346 illorum

344 4404 555 4450 numerorum
572 4385 719 4448 rationes
734 4385 881 4449 musicas
898 4383 940 4449 ad
958 4385 1101 4450 animam
1118 4383 1230 4450 mnndi
1246 4383 1476 4468 generandam
