3222 5166
621 487 836 548 ..23-

247 669 355 754 Quam
379 677 452 737 arto
476 672 685 756 cognationis
710 673 841 738 vinonlo
869 673 1117 756 coniungantur
1142 672 1231 738 inter
1258 692 1293 739 se

161 776 224 840 hae
241 775 388 841 Theonei
404 775 478 840 libri
494 780 621 856 partes,
642 795 681 841 ex
698 776 749 856 iis,
767 795 852 858 quae
869 776 1018 857 exposui,
1035 776 1294 842 luculentissime

162 879 282 958 elucet,
317 883 350 943 et
383 896 585 960 magnopere
620 878 683 943 han
706 898 742 944 ro
767 883 912 962 augetur
936 883 1069 944 nostrae
1094 878 1294 960 suspicionis

161 981 252 1048 fides.
288 982 353 1048 Sed
377 986 411 1046 et
433 986 527 1047 reeta
547 981 614 1060 via,
637 986 674 1047 ut
689 982 737 1048 ita
753 982 872 1062 dicam,
896 982 983 1062 quod
999 983 1136 1061 oonieoi,
1158 975 1295 1063 possum

161 1085 377 1166 aliquatenus
416 1085 632 1165 comprobare
671 1091 704 1150 et
741 1087 947 1151 confirmare.
1010 1085 1169 1152 Servavit
1209 1086 1293 1150 enirn

164 1189 368 1271 Porphyrius
391 1187 577 1253 Moderatei
600 1187 675 1252 libri
698 1189 854 1254 nonnulla
876 1188 1032 1270 frustula,
1056 1208 1154 1270 quae,
1178 1208 1294 1270 quarn-

163 1311 264 1372 quam
287 1297 365 1357 sunt
385 1291 574 1372 perbrevia,
598 1296 710 1357 tamen
735 1291 776 1357 ad
801 1292 898 1357 fidem
923 1291 1109 1358 faciendam
1133 1292 1183 1373 iis,
1207 1311 1295 1374 quae

162 1395 240 1476 dixi,
263 1413 328 1460 non
350 1413 488 1476 prorsus
512 1394 644 1459 inutilia
668 1399 756 1461 sunt.
801 1396 915 1477 Atque
939 1414 989 1476 ea,
1020 1415 1106 1476 quae
1130 1395 1295 1477 dicuntur,

162 1498 202 1564 de
226 1498 367 1564 monade
392 1506 425 1563 et
448 1497 565 1580 dyade,
590 1499 652 1563 etsi
669 1517 734 1563 nou
751 1498 977 1582 refragantur,
1001 1498 1044 1564 ad
1060 1499 1295 1565 stabiliendam

163 1607 311 1667 nostram
353 1600 578 1665 coniecturam
622 1600 702 1666 nihil
745 1602 870 1667 valent.
930 1602 1013 1666 Tum
1057 1608 1170 1667 autom
1211 1603 1296 1668 haee

162 1705 341 1770 habentur:
370 1701 476 1768 πάλιν
499 1702 561 1786 γὰρ
586 1701 657 1768 ἔστι
680 1725 713 1768 τι
736 1703 772 1768 ἐν
796 1710 838 1788 τῇ
862 1705 963 1787 φύσει
985 1709 1056 1770 τῶν
1080 1705 1295 1788 πραγμάτων
1324 1721 1329 1726 ·

163 1807 242 1891 ἔχον
265 1806 373 1891 ἀρχὴν
397 1808 455 1872 καὶ
477 1808 583 1890 μέσον
611 1807 669 1871 καὶ
699 1805 876 1891 τελευτήν·
912 1806 1001 1875 κατὰ
1035 1812 1098 1873 τοῦ
1133 1809 1295 1874 τοιούτου

162 1909 278 1992 εἲόοος
311 1911 369 1975 καὶ
402 1909 492 1974 κατὰ
523 1915 586 1994 της
609 1910 773 1994 τοιαύτης
797 1911 934 1994 φύσεως
957 1910 1020 1976 τὸν
1042 1914 1120 1993 τρία
1143 1910 1296 1995 ἀριθμὸν

163 2013 414 2098 κατηγόρησαν.
449 2009 501 2076 dud
536 2012 595 2076 καὶ
627 2016 699 2077 πᾶν
732 2012 772 2078 τὸ
805 2013 971 2097 μεσότητι
993 2016 1296 2098 πρασιιεχρημενον

162 2113 325 2198 τρισειὸὲς
358 2115 446 2179 εἶναι
480 2116 566 2197 φασί
700 2134 775 2181 oum
809 2116 928 2197 quibus
961 2117 1116 2183 conferas
1150 2119 1297 2184 Theonis

163 2218 229 2304 (pg.
261 2217 399 2300 100,13)
433 2219 454 2302 ἡ
489 2215 526 2282 ol
560 2215 646 2299 δυὰς
680 2217 899 2284 συνελθοῦσα
932 2225 975 2303 τῇ
1008 2217 1136 2304 μονάδι
1169 2223 1298 2303 γίνεται

163 2323 270 2405 τριάς,
304 2322 379 2406 ἥτις
409 2323 532 2404 πρώτη
560 2319 668 2406 ἀρχὴν
690 2323 749 2389 καὶ
771 2323 860 2405 μέσα
883 2324 941 2388 καὶ
963 2321 1126 2407 τελευτὴν
1149 2322 1215 2406 ἔχει
1238 2373 1296 2388 ...

163 2427 279 2511 Pergit
295 2425 502 2508 Porphyrius
526 2424 585 2489 καὶ
607 2423 665 2490 ἐπὶ
687 2430 758 2491 τῶν
783 2423 898 2491 ἄλλων
922 2423 951 2490 d'
965 2423 1128 2510 ἀριθμῶν
1152 2425 1169 2491 ὁ
1192 2425 1297 2506 αὐτὸς

162 2528 273 2612 λόγος,
308 2530 428 2611 quibus
462 2530 579 2610 proeul
614 2529 713 2596 dubio
748 2530 913 2614 signifieat
949 2530 989 2597 de
1021 2531 1141 2597 noteris
1166 2549 1297 2612 quoque
1325 2525 1327 2528 ’

165 2634 311 2700 numeris
345 2634 455 2717 egisse
479 2634 691 2699 Moderatum
704 2634 736 2714 ¹).
782 2635 907 2700 Eorum
942 2633 1097 2716 donique,
1130 2653 1217 2715 quae
1241 2653 1297 2700 ex-

164 2738 298 2818 scripsit
320 2738 361 2803 de
386 2737 523 2802 denario
549 2757 684 2802 numero
700 2738 920 2822 Porphyrius,
945 2757 1019 2803 oum
1036 2737 1205 2804 simillima
1220 2737 1297 2818 sint,

165 2842 324 2908 nonnulla
347 2860 415 2908 una
438 2860 512 2907 ourn
536 2842 701 2907 Theoneis
724 2842 831 2923 posui.

258 2977 419 3044 Porphyrii
437 2976 609 3045 (Moderati).
960 2977 1097 3030 Theonis.

200 3073 276 3134 Οὗτοι
301 3073 349 3133 οὖν
376 3080 402 3132 or‘
428 3078 508 3146 λόγοι,
535 3079 597 3130 καθ’
618 3076 662 3136 οὓς
680 3080 706 3132 οἱ

164 3163 290 3235 ῥηθέντες
304 3162 420 3236 ἀριθμοὶ
436 3159 596 3233 ἐτάγησανῖ)
614 3165 660 3217 καὶ
680 3166 706 3218 αἱ

164 3253 230 3317 ἑξῆς,
261 3250 434 3323 περιέχονται
461 3249 514 3302 rimi
539 3252 604 3321 μιᾶς
638 3271 705 3308 τινος

165 3337 240 3396 ἰδέας
257 3338 303 3392 καὶ
326 3337 473 3408 δυνάμεως.
496 3335 591 3401 ταύτην
614 3336 644 3391 δὲ
662 3337 705 3391 de·

165 3425 241 3478 κάδα
254 3419 311 3478 οἷον
329 3422 433 3493 dulcido
452 3424 704 3494 προοηγόρευσανθ).

166 3511 207 3565 διὰ
233 3510 278 3563 καὶ
304 3507 403 3563 τέλειον
429 3507 550 3577 ἀριθμόν
576 3509 621 3561 τόν
639 3508 705 3564 δέκα

165 3593 235 3650 εἶναι
251 3594 382 3666 λέγουσιν,
404 3595 508 3664 μᾶλλον
530 3591 561 3646 δὲ
580 3596 707 3648 τελειότα-
792 3611 841 3663 pg.
862 3598 919 3660 106,
929 3597 953 3650 7.
990 3593 1004 3657 ἧ
1031 3592 1122 3665 μέντοι
1149 3594 1228 3650 dende

164 3684 237 3752 τον4)
271 3681 406 3745 ἁπάντων,
442 3682 535 3731 πᾶσαν
569 3681 708 3751 διαφορὰν
757 3676 957 3750 ἐμπεριέχουσα
986 3682 1078 3732 πᾶσαν
1112 3678 1197 3750 φύσιν
1228 3675 1301 3736 indo

166 3764 288 3839 ἀριθμοῦ
314 3764 360 3818 καὶ
386 3767 443 3817 πᾶν
468 3761 538 3821 aldus
564 3767 643 3836 λόγον
661 3768 707 3820 καὶ
760 3765 845 3832 αὑτῆς,
881 3785 904 3821 κ.
923 3785 942 3819 τ.
961 3767 983 3819 λ.

253 3888 271 3954 ¹)
290 3887 399 3941 Confer
426 3887 522 3954 etiam,
550 3888 632 3955 quod
657 3905 749 3957 supra
778 3889 856 3941 dixit
883 3887 982 3958 ὁμοίως
1009 3885 1039 3940 δὲ
1065 3881 1111 3941 ἐπὶ
1138 3888 1192 3939 τῶν
1212 3886 1301 3938 ἄλλων

165 3971 295 4044 ἀριθμῶν
313 3972 326 4024 ὃ
346 3970 422 4029 αὐτὸς
440 3974 522 4045 λόγον.
543 3977 595 4030 πᾶς
613 3975 667 4045 γάρ
685 3975 751 4027 κατά
770 3993 850 4026 τινων
865 3964 1009 4041 δονάμσών
1026 3970 1151 4026 τέτακται.

251 4061 274 4130 ²)
290 4061 359 4113 Non
378 4065 422 4114 ost
439 4061 488 4114 hio
506 4061 681 4128 ponendum
699 4064 855 4127 punctum,
873 4063 907 4112 ut
924 4059 995 4112 feeit
1012 4060 1176 4114 Nauekius.

250 4145 274 4215 ⁸)
294 4146 352 4200 Otr.
371 4147 456 4200 Anat.
470 4146 531 4215 (pg.
544 4147 578 4202 39
592 4146 681 4215 Hbg.)
700 4147 818 4198 καλεῖται
838 4143 932 4198 δὲκαὶ
950 4143 1056 4214 δεχάὸα
1074 4144 1149 4214 παραὶ
1168 4143 1195 4196 td
1213 4143 1301 4196 πάντα

166 4229 306 4302 δέχεσθαι.

251 4317 273 4385 ⁴)
291 4319 378 4371 Anat.
396 4317 457 4386 (pg.
476 4318 519 4386 39)
546 4316 663 4369 καλεῖται
690 4314 720 4369 δὲ
747 4315 762 4380 ἧ
790 4315 869 4371 δεκάς
895 4315 989 4386 κράτος
1009 4313 1054 4367 καὶ
1074 4311 1222 4380 παντέλεια,
1241 4307 1303 4367 ἐπεὶ

167 4403 255 4456 πάντα
273 4403 394 4472 περαίνει
414 4441 460 4456 ...
