3222 5166
506 1351 541 1432 Ι.
575 1351 645 1432 De
673 1349 920 1430 Anatolio.

238 1543 350 1610 ddidit
372 1563 479 1626 nuper
493 1544 525 1610 J.
538 1545 577 1609 L.
591 1544 794 1628 Heibergius
818 1563 858 1609 ex
880 1541 993 1608 oodioe
1009 1543 1141 1608 Monac.
1155 1561 1203 1626 gr.
1220 1547 1284 1607 384

151 1647 301 1713 Anatolii
337 1646 503 1728 quendam
537 1647 683 1712 libellum
719 1647 862 1712 nondum
898 1645 1116 1730 divulgatum,
1151 1646 1206 1734 qui
1234 1646 1283 1710 in-

151 1751 309 1816 scribitur
346 1749 542 1816 Ἇνατολίου
576 1751 656 1830 περὶ
689 1733 834 1831 δεκάδος
868 1750 926 1813 καί
960 1753 1031 1814 τῶν
1054 1747 1152 1830 έντός
1176 1747 1284 1832 αὐτῆς

152 1851 315 1936 ἀριθμῶν
327 1852 360 1936 ¹).
396 1852 500 1920 Ouius
523 1854 625 1919 libelli
648 1853 838 1936 fragmenta
857 1850 1062 1918 iamdudum
1080 1855 1284 1932 erantnota‚

152 1957 273 2039 quippe
309 1976 396 2038 quae
418 1956 635 2023 inveniantur
660 1957 694 2021 in
717 1955 997 2040 Theologumenis
1020 1955 1285 2036 arithmeticis²)‚

152 2066 331 2142 praeterea
367 2065 473 2127 toturn
513 2061 707 2142 opuseulum
746 2060 895 2126 auctoris
929 2060 1059 2124 nomine
1094 2059 1217 2125 omisso
1250 2058 1285 2123 in

151 2164 308 2230 Latinum
344 2183 543 2231 conversum
567 2163 736 2249 Georgius
760 2163 861 2229 Valla
894 2163 986 2244 operi
1021 2181 1080 2227 suo
1107 2161 1285 2245 indigeste,

153 2267 206 2333 oui
229 2273 283 2333 est
304 2267 422 2333 titulus
448 2267 508 2348 „de
532 2266 728 2349 expetendis
751 2273 785 2332 et
806 2266 973 2351 fugiendis
989 2265 1122 2345 rebus“,
1145 2264 1288 2331 inseruit

152 2367 220 2454 (lib.
245 2371 309 2452 ΙΙΙ,
325 2370 462 2452 10-20)
473 2367 508 2454 ³).
555 2369 638 2452 Quis
672 2370 735 2436 fuit
767 2371 823 2435 ille
852 2368 1054 2435 Anatolius?
1099 2367 1286 2434 Audiamus

153 2473 194 2538 de
218 2492 257 2538 eo
281 2473 464 2539 Eusebium
486 2473 574 2554 (hist.
600 2474 679 2539 σσοί.
704 2469 906 2556 V11‚32‚o):
940 2469 1160 2552 ,Ἀνατόλιος
1191 2470 1286 2554 αὐτῷ
1359 2508 1362 2516 ·

154 2573 218 2662 (τῷ
234 2573 404 2661 Ιάδσεβίῳ)
429 2574 597 2659 διάδοχος,
621 2577 727 2660 φασίν
751 2573 885 2657 ἀγαθός
909 2573 1041 2659 ἀγαθῷ,
1066 2573 1286 2654 καθίσταται,
1310 2651 1312 2657 ,

154 2681 252 2762 γένος
274 2679 338 2763 μέν
362 2681 421 2744 καί
444 2679 550 2761 αὐτὸς
571 2677 815 2762 Ἀλεξανδρεύς,
838 2677 952 2760 λόγων
975 2676 1107 2742 δ’ένεκα
1129 2679 1188 2743 καὶ
1210 2700 1288 2743 παι-

154 2781 247 2864 δείας
270 2788 332 2867 τῆς
352 2781 523 2866 Ἑλλήνων
547 2781 756 2867 φιλοσοφίας
778 2802 815 2846 τε
838 2780 882 2846 τά
904 2785 1029 2864 πρῶτα
1052 2786 1123 2846 τῶν
1139 2781 1289 2865 μάλιστα

154 2884 236 2951 καθ’
261 2887 351 2970 ῆμάς
374 2884 626 2969 δοκιμωτάτων
650 2885 935 2969 ἀπενηνεγμένας,
970 2883 1030 2967 άτε
1053 2883 1288 2970 ἀριθμητικῆς

154 2991 213 3054 καί
234 2992 444 3073 γεωμετρίας
467 2989 700 3072 ἀστρονομίας
722 3010 759 3054 τε
782 2990 840 3053 καί
859 2994 922 3072 τῆς
939 2986 1045 3071 ἄλλης
1061 2985 1287 3074 διαλεκτικῆς,

155 3092 206 3158 ἔτι
238 3114 276 3158 τε
309 3099 458 3178 φυσικῆς
492 3092 655 3176 θεωρίας,
690 3094 884 3176 ῥητορικῶν
918 3113 955 3157 τε
990 3091 1033 3157 οὗ
1062 3091 1288 3176 μαθημάτων

154 3195 332 3280 ἐληλακὼς
365 3199 414 3279 είς
449 3196 570 3280 άκρον·
600 3195 642 3262 οὗ
668 3196 768 3262 ἕνεκα
791 3198 849 3261 καὶ
872 3202 934 3280 τῆς
957 3195 1011 3260 ἐπ’
1039 3193 1289 3279 Ἀλεξανδρείας

159 3298 412 3382 Ἀριστοτέλους
435 3299 597 3384 διαδοχῆς
619 3301 684 3384 τὴν
707 3298 887 3384 διατριβὴν
909 3299 1011 3382 λόγος
1031 3298 1098 3383 ἔχει
1112 3298 1202 3382 πρὸς
1218 3305 1289 3366 τῶν

155 3401 237 3488 τῆδε
260 3403 415 3469 πολιτῶν
439 3403 679 3487 συστήσασθαι
703 3403 810 3468 αὐτὸν
834 3401 1110 3487 ἀξιωθῆναι
1155 3401 1202 3468 Οὐ
1225 3403 1290 3486 μέν

157 3506 220 3572 οὖν
253 3506 480 3592 ἐσπουδάσθη
515 3507 660 3574 πλεῖστα
690 3513 739 3592 τῷ
767 3506 950 3590 Ἀνατολίῳ
975 3506 1210 3590 συγγάμματα,
1235 3527 1290 3571 το-

158 3613 270 3675 σαῦτα
293 3609 372 3692 δἐίς
395 3613 486 3695 ῆμάς
516 3610 674 3696 έλῆλυθε,
710 3609 751 3675 δι’
780 3610 830 3676 ὧν
855 3611 962 3677 αὐτοῦ
990 3609 1210 3693 καταμαθεῖν
1234 3607 1291 3675 δυ-

157 3712 265 3779 νατὸν
288 3713 376 3797 ὁμοῦ
400 3715 441 3779 τό
464 3736 502 3779 τε
523 3713 639 3796 λόγιον
662 3715 721 3779 καί
744 3712 961 3797 πολυμαθές,
995 3713 1032 3778 έν
1067 3713 1119 3795 οἷς
1140 3713 1291 3797 μάλιστα

157 3816 202 3881 τὰ
235 3818 315 3899 περί
348 3821 410 3883 τοῦ
445 3818 562 3902 πάσχα
596 3815 747 3901 δόξαντα
851 3818 910 3882 καί
943 3815 1225 3900 ἀριθμητικάς
1255 3814 1292 3881 δέ

158 3919 409 3986 καταλέλοιπεν
443 3920 461 3986 ὁ
497 3920 603 4004 αὐτὸς
637 3921 674 3986 έν
709 3919 802 4003 ὅλοις
836 3918 919 3986 δέκα
947 3920 1205 4004 συγγράμμασιν
1227 3921 1292 3985 είσ-

247 4127 265 4195 ¹)
283 4128 417 4181 Annales
436 4127 681 4181 internetionales
700 4126 860 4180 d'histoire.
897 4124 1030 4194 Gongres
1054 4126 1091 4179 de
1113 4126 1197 4178 Paris
1217 4127 1292 4180 1900.

159 4215 189 4266 5Θ
208 4213 322 4266 section
340 4214 472 4267 Histoire
491 4213 545 4267 des
564 4215 707 4266 sciendos
743 4213 893 4266 Librairie
913 4213 999 4266 Colin
1017 4212 1111 4279 (Paris
1122 4211 1218 4280 1901).

245 4299 266 4365 ²)
285 4300 329 4352 ed.
348 4301 397 4353 Fr.
416 4301 479 4366 Ast,
498 4300 578 4366 Lips.
599 4299 830 4352 MDGOGXVII.

245 4385 266 4452 ³)
285 4385 387 4438 confer
405 4385 539 4453 Hoiberg
559 4401 608 4452 pg.
627 4385 670 4440 27.
872 4381 874 4386 '

1157 4469 1170 4520 1
