3222 5166
588 485 801 544 „47-

130 667 330 734 auctoritate
354 672 497 749 constat,
521 669 582 734 soli
607 669 732 750 aliquid
755 674 898 749 possunt
914 669 1033 736 dooere
1050 674 1262 750 quaerentes

129 770 261 836 cuinam
297 789 358 837 sua
392 771 544 837 debuerit
577 771 749 838 Fauonius
772 773 944 857 Eulogius.
990 773 1110 853 Itaque
1144 774 1260 838 horum

129 874 290 941 habentes
312 875 476 940 rationem
500 894 752 959 cognoscamus,
776 895 936 942 verumne
960 877 1013 956 sit,
1048 875 1134 956 quod
1159 894 1262 956 supra

130 976 197 1042 dixi
222 978 308 1058 quod
334 978 419 1043 idem
444 979 550 1044 voluit
572 979 800 1048 demonstrare
825 979 984 1045 Friesius

216 1079 285 1146 Sub
309 1082 450 1147 monade
474 1082 638 1147 simillime
655 1083 824 1163 explicant
839 1082 880 1148 de
897 1101 973 1162 ,uno
990 1083 1071 1148 solo‘
1088 1082 1261 1147 Favonius

131 1192 163 1248 et
186 1183 385 1264 Martianus,
420 1184 506 1266 quod
541 1184 629 1266 apud
664 1191 793 1252 ceteros
821 1185 1043 1265 desideratur,
1077 1185 1177 1251 iidem
1199 1183 1261 1250 soli

130 1287 273 1370 dyadem
307 1287 455 1354 iustitiae
478 1288 724 1369 Iunonisque
758 1289 944 1355 nominibus
967 1289 1167 1372 significant,
1200 1306 1263 1352 nec

131 1409 195 1456 nou
230 1391 291 1456 soli
326 1390 429 1457 iatum
467 1391 619 1457 tribuunt
656 1411 793 1457 numero
830 1391 976 1458 ternario
989 1389 1010 1474 ¹)
1049 1391 1262 1471 ternarioque

131 1493 302 1559 affirmant
324 1494 447 1561 lactum
473 1514 547 1562 esse
570 1495 727 1560 mundum
737 1492 774 1578 ²).
819 1493 903 1560 Tum
928 1495 1043 1561 conler

187 1648 298 1700 Fauen.
317 1664 365 1715 pg.
386 1649 410 1712 b,
422 1648 454 1700 13
473 1648 614 1716 (Holder).
723 1648 808 1700 Mart.
832 1664 880 1716 pg.
899 1648 1001 1712 adara
1025 1647 1262 1714 (Eyssenhardt).

166 1767 201 1803 ac
219 1753 262 1802 sic
280 1751 313 1802 in
327 1751 450 1803 denaria
463 1767 579 1804 summa
592 1767 669 1804 cres·
759 1751 841 1815 Quae
860 1751 972 1819 (decas)
993 1751 1064 1804 licet
1085 1749 1179 1817 primi
1196 1765 1262 1802 ver-

131 1837 220 1889 cendi
247 1837 317 1890 finis
344 1841 373 1889 et
398 1837 520 1891 initium
545 1839 671 1890 secundi
724 1853 776 1890 sus
811 1837 883 1890 finis
919 1838 966 1900 sit,
993 1836 1149 1915 ‚secundae
1179 1836 1264 1904 (dit)

132 1937 239 1975 versus
259 1928 310 1976 est.
723 1923 861 1976 monadis
880 1923 985 1990 implet
1004 1924 1160 1976 auxilium.

220 2079 288 2146 Sub
310 2081 455 2162 pentade
480 2081 577 2146 varia
600 2085 735 2146 exstant
756 2081 845 2161 apud
860 2081 1037 2164 Eulogium
1054 2080 1094 2145 do
1111 2080 1264 2161 partibus

133 2185 260 2263 circuli,
294 2184 334 2250 de
370 2185 545 2252 altitudine
580 2184 764 2250 altitudinis
799 2185 887 2267 apud
919 2185 1003 2251 alios
1027 2203 1091 2250 non
1115 2185 1264 2263 inventa,

134 2288 176 2355 ad
193 2307 280 2369 quae
297 2289 418 2369 optime
437 2289 580 2372 quadrat
596 2289 675 2353 illud
701 2288 873 2371 „congerit
889 2287 1152 2372 frigidiuscula“‚
1177 2287 1264 2368 quod

132 2394 165 2458 in
205 2395 391 2461 Varronem
430 2392 657 2474 septenarium
699 2411 872 2458 numerum
915 2396 1119 2458 tractantem
1160 2391 1266 2456 iactat

134 2497 265 2563 Gellius
288 2497 354 2577 III,
367 2502 416 2562 10.

267 2651 377 2704 Favon.
396 2667 445 2717 pg.
464 2651 489 2715 6,
500 2651 540 2703 12.
853 2651 939 2704 Mart.
958 2667 1007 2717 pg.
1027 2650 1137 2714 adami.

168 2754 311 2808 Senarius
338 2769 417 2808 vero.
443 2748 498 2820 'qui
526 2752 672 2819 sequitur,
761 2749 1265 2819 Senariumveroperleetumana-

132 2856 278 2893 numerus
306 2843 456 2906 potentem
484 2855 516 2892 ac
539 2839 673 2892 divinam
727 2840 918 2907 logicamque
947 2854 1011 2891 asse
1043 2839 1111 2904 quis
1142 2837 1267 2901 dubitet,

133 2930 258 2980 naturae
271 2942 343 2980 suae
356 2925 470 2978 obtinet
486 2929 672 2992 potestatem:
727 2941 796 2978 cum
809 2926 874 2978 suis
886 2925 1023 2992 partibus
1041 2924 1267 2990 impleaturii).

134 3013 286 3080 siquidem
312 3010 407 3068 τέλειος
432 3013 558 3079 primus,
579 3011 674 3064 idest

134 3101 295 3166 perfectus,
315 3115 380 3153 esse
399 3099 580 3166 repperitur.
603 3097 672 3149 Per-

135 3188 247 3240 fectum
274 3185 454 3238 arithmetici
481 3189 596 3248 vocanl,
622 3184 674 3250 qui

136 3288 172 3326 se
191 3273 317 3339 implet
334 3271 472 3338 partibus
491 3271 563 3323 suis.

223 3429 317 3511 Quae
352 3429 392 3494 de
427 3427 618 3510 septenario
642 3427 856 3494 Varroniana
889 3426 1102 3493 tradiderunt
1128 3424 1269 3505 Gellius

138 3534 287 3614 Servius
322 3532 538 3611 Censorinus
572 3531 770 3610 Martianus
798 3539 832 3595 et
865 3531 1018 3596 similiter
1052 3529 1092 3594 de
1130 3530 1269 3610 reliquis

137 3637 294 3716 numeria,
330 3636 486 3717 quoniam
522 3635 634 3702 omnia
668 3653 742 3700 cum
765 3634 899 3717 Eulogii
932 3634 1044 3699 libello
1075 3651 1269 3714 comparare

136 3759 342 3767 *—

225 3811 243 3875 ¹)
263 3808 372 3860 Confer
385 3807 466 3861 Serv.
483 3805 552 3858 Buc.
567 3805 649 3869 VIII,
659 3805 700 3869 75,
721 3805 773 3858 ubi
791 3805 862 3856 item
876 3805 1005 3856 Hecatae
1023 3803 1149 3856 ternarii
1161 3817 1270 3855 nomen

138 3895 235 3948 datur.

224 3980 246 4048 ²)
266 3981 504 4034 Consentaneum
534 3981 578 4031 est
604 3978 767 4044 plurimum
797 3977 905 4029 docere
932 3990 966 4027 ea
992 3975 1167 4042 Eulogium,
1195 3990 1270 4041 quaa

139 4069 196 4121 soli
213 4067 326 4120 habent
344 4066 490 4119 Varronis
508 4069 679 4128 sectatores,
697 4065 745 4118 vel
764 4079 806 4128 ea,
833 4078 910 4130 quae
938 4061 1120 4114 verbotenus
1139 4062 1202 4113 fere
1220 4076 1270 4112 ex-

138 4169 243 4221 pressa
261 4154 431 4222 reperimus
450 4152 530 4218 apud
550 4151 670 4203 eosdem
687 4150 764 4204 illos.

214 4240 248 4308 a)
266 4240 372 4293 Isidor.
387 4238 468 4306 Orig.
486 4238 505 4290 l.
518 4238 564 4290 ΠΙ
576 4239 667 4302 (corp.
682 4236 841 4290 Grammat.
855 4236 903 4288 lat.
917 4235 1112 4286 Lindemann.
1133 4238 1200 4286 tom¹
1214 4233 1271 4300 Ill)

139 4327 265 4396 pg.107:
292 4327 448 4379 Perfectus
475 4339 621 4376 numerus
640 4327 693 4389 est,
721 4325 774 4389 qui
793 4323 856 4375 suis
875 4321 1012 4388 partibus
1031 4320 1221 4387 adimpletur,
1239 4323 1273 4372 ut

140 4416 292 4478 senarium
312 4413 401 4465 babet
423 4413 504 4464 enim
523 4415 575 4463 etc.
595 4411 696 4463 confer
714 4426 762 4477 pg.
783 4410 840 4463 104.
