<?xml version="1.0" encoding="UTF-8"?>
<!DOCTYPE html PUBLIC "-//W3C//DTD XHTML 1.0 Transitional//EN"
    "http://www.w3.org/TR/xhtml1/DTD/xhtml1-transitional.dtd">
<html xmlns="http://www.w3.org/1999/xhtml" xml:lang="en" lang="en">
 <head>
  <title>
</title>
<meta http-equiv="Content-Type" content="text/html;charset=utf-8" />
  <meta name='ocr-system' content='tesseract 3.04.00' />
  <meta name='ocr-capabilities' content='ocr_page ocr_carea ocr_par ocr_line ocrx_word'/>
</head>
<body>
  <div class='ocr_page' id='page_1' title='image "./deanatoliifonti01borggoog_0010.png"; bbox 0 0 3222 5166; ppageno 0'>
   <div class='ocr_carea' id='block_1_1' title="bbox 607 482 800 542">
    <p class='ocr_par' dir='ltr' id='par_1_1' title="bbox 607 482 800 542">
     <span class='ocr_line' id='line_1_1' title="bbox 607 482 800 542; baseline 0 -16"><span class='ocrx_word' id='word_1_1' title='bbox 607 482 800 542; x_wconf 83' lang='grc'>..3.-</span> 
     </span>
    </p>
   </div>
   <div class='ocr_carea' id='block_1_2' title="bbox 134 664 1304 3336">
    <p class='ocr_par' dir='ltr' id='par_1_2' title="bbox 134 664 1304 3336">
     <span class='ocr_line' id='line_1_2' title="bbox 138 664 1271 749; baseline 0 -17"><span class='ocrx_word' id='word_1_2' title='bbox 138 669 367 746; x_wconf 85' lang='lat' dir='ltr'>conectuntur,</span> <span class='ocrx_word' id='word_1_3' title='bbox 401 666 450 732; x_wconf 86' lang='lat' dir='ltr'>ita</span> <span class='ocrx_word' id='word_1_4' title='bbox 483 669 522 731; x_wconf 90' lang='lat' dir='ltr'>ut</span> <span class='ocrx_word' id='word_1_5' title='bbox 554 665 660 746; x_wconf 86' lang='lat' dir='ltr'>primo</span> <span class='ocrx_word' id='word_1_6' title='bbox 695 666 812 732; x_wconf 87' lang='lat' dir='ltr'>obtutu</span> <span class='ocrx_word' id='word_1_7' title='bbox 847 666 975 749; x_wconf 78' lang='lat' dir='ltr'><strong>cogites</strong></span> <span class='ocrx_word' id='word_1_8' title='bbox 998 664 1039 732; x_wconf 91' lang='lat' dir='ltr'>de</span> <span class='ocrx_word' id='word_1_9' title='bbox 1063 666 1208 746; x_wconf 90' lang='lat' dir='ltr'>epitoma</span> <span class='ocrx_word' id='word_1_10' title='bbox 1230 685 1271 732; x_wconf 86' lang='lat' dir='ltr'>ex</span> 
     </span>
     <span class='ocr_line' id='line_1_3' title="bbox 138 769 1304 852; baseline 0 -18"><span class='ocrx_word' id='word_1_11' title='bbox 138 769 263 836; x_wconf 88' lang='lat' dir='ltr'>maiore</span> <span class='ocrx_word' id='word_1_12' title='bbox 297 769 381 840; x_wconf 87' lang='lat' dir='ltr'>libro</span> <span class='ocrx_word' id='word_1_13' title='bbox 415 770 608 850; x_wconf 86' lang='lat' dir='ltr'>composita.</span> <span class='ocrx_word' id='word_1_14' title='bbox 656 769 730 852; x_wconf 75' lang='lat' dir='ltr'>Quo</span> <span class='ocrx_word' id='word_1_15' title='bbox 765 770 922 836; x_wconf 82' lang='lat' dir='ltr'>consilio?</span> <span class='ocrx_word' id='word_1_16' title='bbox 968 770 1015 836; x_wconf 91' lang='lat' dir='ltr'>Ut</span> <span class='ocrx_word' id='word_1_17' title='bbox 1047 769 1273 836; x_wconf 81' lang='lat' dir='ltr'><strong>instrueretur</strong></span> <span class='ocrx_word' id='word_1_18' title='bbox 1302 813 1304 817; x_wconf 90' lang='lat'><em>-</em></span> 
     </span>
     <span class='ocr_line' id='line_1_4' title="bbox 137 871 1271 956; baseline 0.003 -21"><span class='ocrx_word' id='word_1_19' title='bbox 137 871 278 956; x_wconf 83' lang='lat' dir='ltr'>vulgus?</span> <span class='ocrx_word' id='word_1_20' title='bbox 324 871 424 954; x_wconf 79' lang='lat' dir='ltr'>Quod</span> <span class='ocrx_word' id='word_1_21' title='bbox 445 873 620 953; x_wconf 86' lang='lat' dir='ltr'>quominus</span> <span class='ocrx_word' id='word_1_22' title='bbox 645 873 800 952; x_wconf 80' lang='lat' dir='ltr'>affirmes,</span> <span class='ocrx_word' id='word_1_23' title='bbox 834 871 971 953; x_wconf 87' lang='lat' dir='ltr'>impedit</span> <span class='ocrx_word' id='word_1_24' title='bbox 1002 873 1162 938; x_wconf 85' lang='lat' dir='ltr'>orationis</span> <span class='ocrx_word' id='word_1_25' title='bbox 1185 873 1271 938; x_wconf 88' lang='lat' dir='ltr'>ratio</span> 
     </span>
     <span class='ocr_line' id='line_1_5' title="bbox 138 975 1273 1059; baseline 0 -17"><span class='ocrx_word' id='word_1_26' title='bbox 138 975 364 1044; x_wconf 71' lang='lat' dir='ltr'>deformatio.</span> <span class='ocrx_word' id='word_1_27' title='bbox 410 976 582 1044; x_wconf 85' lang='lat' dir='ltr'>Nonnulla</span> <span class='ocrx_word' id='word_1_28' title='bbox 615 977 703 1046; x_wconf 89' lang='lat' dir='ltr'>enim</span> <span class='ocrx_word' id='word_1_29' title='bbox 732 981 909 1057; x_wconf 77' lang='lat' dir='ltr'>tantopere</span> <span class='ocrx_word' id='word_1_30' title='bbox 932 977 966 1040; x_wconf 93' lang='lat' dir='ltr'>in</span> <span class='ocrx_word' id='word_1_31' title='bbox 991 980 1170 1059; x_wconf 86' lang='lat' dir='ltr'>angustum</span> <span class='ocrx_word' id='word_1_32' title='bbox 1195 981 1273 1046; x_wconf 86' lang='lat' dir='ltr'>sunt</span> 
     </span>
     <span class='ocr_line' id='line_1_6' title="bbox 137 1079 1272 1160; baseline 0 -16"><span class='ocrx_word' id='word_1_33' title='bbox 137 1083 266 1160; x_wconf 86' lang='lat' dir='ltr'>coacta,</span> <span class='ocrx_word' id='word_1_34' title='bbox 300 1084 336 1144; x_wconf 93' lang='lat' dir='ltr'>ut</span> <span class='ocrx_word' id='word_1_35' title='bbox 359 1079 422 1144; x_wconf 90' lang='lat' dir='ltr'>nisi</span> <span class='ocrx_word' id='word_1_36' title='bbox 446 1079 501 1160; x_wconf 94' lang='lat' dir='ltr'>qui</span> <span class='ocrx_word' id='word_1_37' title='bbox 526 1079 566 1145; x_wconf 90' lang='lat' dir='ltr'>de</span> <span class='ocrx_word' id='word_1_38' title='bbox 589 1080 715 1146; x_wconf 84' lang='lat' dir='ltr'>talibus</span> <span class='ocrx_word' id='word_1_39' title='bbox 739 1080 841 1147; x_wconf 91' lang='lat' dir='ltr'>rebus</span> <span class='ocrx_word' id='word_1_40' title='bbox 864 1080 1057 1146; x_wconf 86' lang='lat' dir='ltr'>instructus.</span> <span class='ocrx_word' id='word_1_41' title='bbox 1073 1083 1134 1144; x_wconf 75' lang='lat' dir='ltr'>est.</span> <span class='ocrx_word' id='word_1_42' title='bbox 1148 1084 1207 1145; x_wconf 87' lang='lat' dir='ltr'>aut</span> <span class='ocrx_word' id='word_1_43' title='bbox 1229 1080 1272 1145; x_wconf 90' lang='lat' dir='ltr'>ab</span> 
     </span>
     <span class='ocr_line' id='line_1_7' title="bbox 137 1181 1271 1268; baseline -0.001 -19"><span class='ocrx_word' id='word_1_44' title='bbox 137 1181 248 1263; x_wconf 88' lang='lat' dir='ltr'>aliquo</span> <span class='ocrx_word' id='word_1_45' title='bbox 273 1183 352 1248; x_wconf 88' lang='lat' dir='ltr'>viva</span> <span class='ocrx_word' id='word_1_46' title='bbox 375 1202 457 1250; x_wconf 89' lang='lat' dir='ltr'>voce</span> <span class='ocrx_word' id='word_1_47' title='bbox 481 1183 521 1248; x_wconf 92' lang='lat' dir='ltr'>de</span> <span class='ocrx_word' id='word_1_48' title='bbox 545 1183 685 1268; x_wconf 85' lang='lat' dir='ltr'>singulis</span> <span class='ocrx_word' id='word_1_49' title='bbox 710 1183 878 1264; x_wconf 78' lang='lat' dir='ltr'>edocetur,</span> <span class='ocrx_word' id='word_1_50' title='bbox 902 1202 999 1250; x_wconf 89' lang='lat' dir='ltr'>nemo</span> <span class='ocrx_word' id='word_1_51' title='bbox 1022 1201 1065 1250; x_wconf 86' lang='lat' dir='ltr'>ea</span> <span class='ocrx_word' id='word_1_52' title='bbox 1086 1183 1271 1266; x_wconf 84' lang='lat' dir='ltr'>intellegat.</span> 
     </span>
     <span class='ocr_line' id='line_1_8' title="bbox 136 1285 1271 1361; baseline -0.004 -6"><span class='ocrx_word' id='word_1_53' title='bbox 136 1287 180 1355; x_wconf 79' lang='lat' dir='ltr'>lit</span> <span class='ocrx_word' id='word_1_54' title='bbox 203 1287 267 1352; x_wconf 90' lang='lat' dir='ltr'>hoc</span> <span class='ocrx_word' id='word_1_55' title='bbox 288 1285 380 1354; x_wconf 90' lang='lat' dir='ltr'>ducit</span> <span class='ocrx_word' id='word_1_56' title='bbox 403 1305 462 1354; x_wconf 88' lang='lat' dir='ltr'>nos</span> <span class='ocrx_word' id='word_1_57' title='bbox 478 1286 513 1351; x_wconf 92' lang='lat' dir='ltr'>in</span> <span class='ocrx_word' id='word_1_58' title='bbox 529 1287 628 1354; x_wconf 85' lang='lat' dir='ltr'>viam.</span> <span class='ocrx_word' id='word_1_59' title='bbox 664 1287 894 1358; x_wconf 79' lang='lat' dir='ltr'>Recordemur</span> <span class='ocrx_word' id='word_1_60' title='bbox 909 1285 1106 1358; x_wconf 75' lang='lat' dir='ltr'>Anatolium</span> <span class='ocrx_word' id='word_1_61' title='bbox 1121 1286 1271 1361; x_wconf 83' lang='lat' dir='ltr'>Alexan-</span> 
     </span>
     <span class='ocr_line' id='line_1_9' title="bbox 136 1388 1272 1476; baseline 0.004 -21"><span class='ocrx_word' id='word_1_62' title='bbox 136 1388 230 1457; x_wconf 85' lang='lat' dir='ltr'>driae</span> <span class='ocrx_word' id='word_1_63' title='bbox 263 1390 494 1471; x_wconf 85' lang='lat' dir='ltr'>philosophiae</span> <span class='ocrx_word' id='word_1_64' title='bbox 530 1389 674 1458; x_wconf 87' lang='lat' dir='ltr'>doctoris</span> <span class='ocrx_word' id='word_1_65' title='bbox 709 1410 846 1458; x_wconf 87' lang='lat' dir='ltr'>munere</span> <span class='ocrx_word' id='word_1_66' title='bbox 880 1389 1137 1465; x_wconf 83' lang='lat' dir='ltr'>functumesse.</span> <span class='ocrx_word' id='word_1_67' title='bbox 1184 1389 1272 1476; x_wconf 77' lang='lat' dir='ltr'>quid</span> 
     </span>
     <span class='ocr_line' id='line_1_10' title="bbox 137 1493 1271 1576; baseline 0.002 -18"><span class='ocrx_word' id='word_1_68' title='bbox 137 1493 371 1574; x_wconf 78' lang='lat' dir='ltr'>consequitur?</span> <span class='ocrx_word' id='word_1_69' title='bbox 416 1494 488 1560; x_wconf 85' lang='lat' dir='ltr'>Aut</span> <span class='ocrx_word' id='word_1_70' title='bbox 521 1494 583 1560; x_wconf 89' lang='lat' dir='ltr'>sibi</span> <span class='ocrx_word' id='word_1_71' title='bbox 617 1495 683 1576; x_wconf 89' lang='lat' dir='ltr'>ipsi</span> <span class='ocrx_word' id='word_1_72' title='bbox 714 1495 901 1576; x_wconf 85' lang='lat' dir='ltr'>composuit</span> <span class='ocrx_word' id='word_1_73' title='bbox 924 1499 1042 1566; x_wconf 83' lang='lat' dir='ltr'>auctor</span> <span class='ocrx_word' id='word_1_74' title='bbox 1064 1494 1271 1575; x_wconf 86' lang='lat' dir='ltr'>opusculum,</span> 
     </span>
     <span class='ocr_line' id='line_1_11' title="bbox 136 1596 1271 1677; baseline 0 -15"><span class='ocrx_word' id='word_1_75' title='bbox 136 1600 174 1662; x_wconf 87' lang='lat' dir='ltr'>ut</span> <span class='ocrx_word' id='word_1_76' title='bbox 207 1596 346 1664; x_wconf 86' lang='lat' dir='ltr'>haberet</span> <span class='ocrx_word' id='word_1_77' title='bbox 380 1597 417 1662; x_wconf 87' lang='lat' dir='ltr'>in</span> <span class='ocrx_word' id='word_1_78' title='bbox 449 1596 643 1666; x_wconf 86' lang='lat' dir='ltr'>disserendo</span> <span class='ocrx_word' id='word_1_79' title='bbox 679 1598 859 1664; x_wconf 85' lang='lat' dir='ltr'>memoriae</span> <span class='ocrx_word' id='word_1_80' title='bbox 893 1597 1089 1677; x_wconf 87' lang='lat' dir='ltr'>subsidium,</span> <span class='ocrx_word' id='word_1_81' title='bbox 1124 1602 1184 1667; x_wconf 81' lang='lat' dir='ltr'>aut</span> <span class='ocrx_word' id='word_1_82' title='bbox 1206 1597 1271 1663; x_wconf 85' lang='lat' dir='ltr'>dis·</span> 
     </span>
     <span class='ocr_line' id='line_1_12' title="bbox 136 1699 1271 1782; baseline 0 -17"><span class='ocrx_word' id='word_1_83' title='bbox 136 1699 265 1781; x_wconf 90' lang='lat' dir='ltr'>cipulis,</span> <span class='ocrx_word' id='word_1_84' title='bbox 288 1706 325 1765; x_wconf 90' lang='lat' dir='ltr'>ut</span> <span class='ocrx_word' id='word_1_85' title='bbox 348 1700 450 1766; x_wconf 89' lang='lat' dir='ltr'>breve</span> <span class='ocrx_word' id='word_1_86' title='bbox 474 1706 564 1768; x_wconf 91' lang='lat' dir='ltr'>esset</span> <span class='ocrx_word' id='word_1_87' title='bbox 587 1700 820 1782; x_wconf 83' lang='lat' dir='ltr'>compendium</span> <span class='ocrx_word' id='word_1_88' title='bbox 847 1720 958 1766; x_wconf 87' lang='lat' dir='ltr'>rerum</span> <span class='ocrx_word' id='word_1_89' title='bbox 981 1700 1132 1774; x_wconf 76' lang='lat' dir='ltr'>fusiusa</span> <span class='ocrx_word' id='word_1_90' title='bbox 1155 1719 1191 1767; x_wconf 88' lang='lat' dir='ltr'>se</span> <span class='ocrx_word' id='word_1_91' title='bbox 1216 1721 1271 1770; x_wconf 83' lang='lat' dir='ltr'>ex-</span> 
     </span>
     <span class='ocr_line' id='line_1_13' title="bbox 135 1802 1271 1886; baseline 0.003 -19"><span class='ocrx_word' id='word_1_92' title='bbox 135 1803 346 1885; x_wconf 86' lang='lat' dir='ltr'>plicatarum,</span> <span class='ocrx_word' id='word_1_93' title='bbox 370 1809 429 1869; x_wconf 88' lang='lat' dir='ltr'>aut</span> <span class='ocrx_word' id='word_1_94' title='bbox 451 1802 594 1886; x_wconf 88' lang='lat' dir='ltr'>denique</span> <span class='ocrx_word' id='word_1_95' title='bbox 619 1824 703 1871; x_wconf 88' lang='lat' dir='ltr'>unus</span> <span class='ocrx_word' id='word_1_96' title='bbox 728 1824 769 1870; x_wconf 83' lang='lat' dir='ltr'>ex</span> <span class='ocrx_word' id='word_1_97' title='bbox 792 1804 975 1885; x_wconf 88' lang='lat' dir='ltr'>discipulis,</span> <span class='ocrx_word' id='word_1_98' title='bbox 1006 1823 1093 1886; x_wconf 85' lang='lat' dir='ltr'>quae</span> <span class='ocrx_word' id='word_1_99' title='bbox 1118 1803 1271 1870; x_wconf 89' lang='lat' dir='ltr'>audierat</span> 
     </span>
     <span class='ocr_line' id='line_1_14' title="bbox 135 1907 1271 1998; baseline 0.003 -26"><span class='ocrx_word' id='word_1_100' title='bbox 135 1907 332 1991; x_wconf 78' lang='lat' dir='ltr'>magistrum</span> <span class='ocrx_word' id='word_1_101' title='bbox 358 1907 588 1989; x_wconf 87' lang='lat' dir='ltr'>disserentem,</span> <span class='ocrx_word' id='word_1_102' title='bbox 612 1909 779 1993; x_wconf 83' lang='lat' dir='ltr'>congessit</span> <span class='ocrx_word' id='word_1_103' title='bbox 794 1914 984 1998; x_wconf 88' lang='lat' dir='ltr'>posteaque.</span> <span class='ocrx_word' id='word_1_104' title='bbox 997 1907 1110 1988; x_wconf 81' lang='lat' dir='ltr'>edidit,</span> <span class='ocrx_word' id='word_1_105' title='bbox 1132 1907 1165 1972; x_wconf 91' lang='lat' dir='ltr'>id</span> <span class='ocrx_word' id='word_1_106' title='bbox 1183 1908 1271 1989; x_wconf 91' lang='lat' dir='ltr'>quod</span> 
     </span>
     <span class='ocr_line' id='line_1_15' title="bbox 134 2010 1270 2094; baseline 0.002 -18"><span class='ocrx_word' id='word_1_107' title='bbox 134 2010 269 2092; x_wconf 88' lang='lat' dir='ltr'>saepius</span> <span class='ocrx_word' id='word_1_108' title='bbox 304 2010 428 2077; x_wconf 85' lang='lat' dir='ltr'>iactum</span> <span class='ocrx_word' id='word_1_109' title='bbox 463 2029 537 2077; x_wconf 91' lang='lat' dir='ltr'>esse</span> <span class='ocrx_word' id='word_1_110' title='bbox 571 2011 636 2077; x_wconf 90' lang='lat' dir='ltr'>illis</span> <span class='ocrx_word' id='word_1_111' title='bbox 671 2012 877 2094; x_wconf 89' lang='lat' dir='ltr'>temporibus</span> <span class='ocrx_word' id='word_1_112' title='bbox 911 2012 1000 2077; x_wconf 86' lang='lat' dir='ltr'>inter</span> <span class='ocrx_word' id='word_1_113' title='bbox 1031 2011 1123 2077; x_wconf 87' lang='lat' dir='ltr'>viros</span> <span class='ocrx_word' id='word_1_114' title='bbox 1154 2012 1270 2078; x_wconf 89' lang='lat' dir='ltr'>doctos</span> 
     </span>
     <span class='ocr_line' id='line_1_16' title="bbox 134 2113 1271 2196; baseline 0 -16"><span class='ocrx_word' id='word_1_115' title='bbox 134 2117 277 2182; x_wconf 88' lang='lat' dir='ltr'>constat.</span> <span class='ocrx_word' id='word_1_116' title='bbox 324 2113 473 2196; x_wconf 76' lang='lat' dir='ltr'>Quarum</span> <span class='ocrx_word' id='word_1_117' title='bbox 508 2115 738 2185; x_wconf 87' lang='lat' dir='ltr'>condicionum</span> <span class='ocrx_word' id='word_1_118' title='bbox 772 2115 892 2195; x_wconf 81' lang='lat' dir='ltr'>media,</span> <span class='ocrx_word' id='word_1_119' title='bbox 927 2134 1013 2196; x_wconf 88' lang='lat' dir='ltr'>quae</span> <span class='ocrx_word' id='word_1_120' title='bbox 1049 2115 1154 2188; x_wconf 87' lang='lat' dir='ltr'>etiem</span> <span class='ocrx_word' id='word_1_121' title='bbox 1181 2114 1271 2182; x_wconf 89' lang='lat' dir='ltr'>cadit</span> 
     </span>
     <span class='ocr_line' id='line_1_17' title="bbox 135 2216 1270 2300; baseline 0.002 -19"><span class='ocrx_word' id='word_1_122' title='bbox 135 2216 168 2284; x_wconf 92' lang='lat' dir='ltr'>in</span> <span class='ocrx_word' id='word_1_123' title='bbox 202 2218 381 2299; x_wconf 88' lang='lat' dir='ltr'>plerosque</span> <span class='ocrx_word' id='word_1_124' title='bbox 406 2218 601 2288; x_wconf 86' lang='lat' dir='ltr'>Aristotelis</span> <span class='ocrx_word' id='word_1_125' title='bbox 634 2219 747 2300; x_wconf 89' lang='lat' dir='ltr'>libros,</span> <span class='ocrx_word' id='word_1_126' title='bbox 782 2219 925 2297; x_wconf 83' lang='lat' dir='ltr'>maxime</span> <span class='ocrx_word' id='word_1_127' title='bbox 959 2217 1087 2286; x_wconf 87' lang='lat' dir='ltr'>arridet</span> <span class='ocrx_word' id='word_1_128' title='bbox 1122 2237 1162 2288; x_wconf 83' lang='lat' dir='ltr'>ae</span> <span class='ocrx_word' id='word_1_129' title='bbox 1192 2218 1270 2284; x_wconf 91' lang='lat' dir='ltr'>mihi</span> 
     </span>
     <span class='ocr_line' id='line_1_18' title="bbox 137 2321 1270 2404; baseline 0.001 -17"><span class='ocrx_word' id='word_1_130' title='bbox 137 2321 267 2402; x_wconf 90' lang='lat' dir='ltr'>quidem</span> <span class='ocrx_word' id='word_1_131' title='bbox 291 2322 462 2403; x_wconf 84' lang='lat' dir='ltr'>probatur.</span> <span class='ocrx_word' id='word_1_132' title='bbox 508 2323 584 2390; x_wconf 88' lang='lat' dir='ltr'>Hac</span> <span class='ocrx_word' id='word_1_133' title='bbox 618 2323 704 2390; x_wconf 90' lang='lat' dir='ltr'>enim</span> <span class='ocrx_word' id='word_1_134' title='bbox 741 2328 914 2404; x_wconf 88' lang='lat' dir='ltr'>assumpta</span> <span class='ocrx_word' id='word_1_135' title='bbox 936 2323 1049 2390; x_wconf 88' lang='lat' dir='ltr'>statim</span> <span class='ocrx_word' id='word_1_136' title='bbox 1074 2341 1141 2388; x_wconf 89' lang='lat' dir='ltr'>nen</span> <span class='ocrx_word' id='word_1_137' title='bbox 1164 2324 1270 2390; x_wconf 89' lang='lat' dir='ltr'>selum</span> 
     </span>
     <span class='ocr_line' id='line_1_19' title="bbox 136 2425 1270 2517; baseline 0.002 -27"><span class='ocrx_word' id='word_1_138' title='bbox 136 2428 240 2506; x_wconf 86' lang='lat' dir='ltr'>patet,</span> <span class='ocrx_word' id='word_1_139' title='bbox 263 2442 323 2500; x_wconf 91' lang='lat' dir='ltr'>cur</span> <span class='ocrx_word' id='word_1_140' title='bbox 345 2429 521 2506; x_wconf 89' lang='lat' dir='ltr'>tantopere</span> <span class='ocrx_word' id='word_1_141' title='bbox 545 2425 589 2493; x_wconf 92' lang='lat' dir='ltr'>sit</span> <span class='ocrx_word' id='word_1_142' title='bbox 612 2425 808 2495; x_wconf 88' lang='lat' dir='ltr'>circumcisa</span> <span class='ocrx_word' id='word_1_143' title='bbox 831 2425 949 2504; x_wconf 89' lang='lat' dir='ltr'>oratio,</span> <span class='ocrx_word' id='word_1_144' title='bbox 977 2430 1014 2491; x_wconf 89' lang='lat' dir='ltr'>ut</span> <span class='ocrx_word' id='word_1_145' title='bbox 1036 2426 1143 2517; x_wconf 89' lang='lat' dir='ltr'>omnis</span> <span class='ocrx_word' id='word_1_146' title='bbox 1159 2445 1270 2502; x_wconf 88' lang='lat' dir='ltr'>rerum</span> 
     </span>
     <span class='ocr_line' id='line_1_20' title="bbox 137 2527 1269 2610; baseline 0.004 -19"><span class='ocrx_word' id='word_1_147' title='bbox 137 2527 344 2601; x_wconf 86' lang='lat' dir='ltr'>continuatio</span> <span class='ocrx_word' id='word_1_148' title='bbox 368 2528 539 2610; x_wconf 89' lang='lat' dir='ltr'>seriesque</span> <span class='ocrx_word' id='word_1_149' title='bbox 564 2527 682 2602; x_wconf 90' lang='lat' dir='ltr'>deesse</span> <span class='ocrx_word' id='word_1_150' title='bbox 705 2529 873 2610; x_wconf 86' lang='lat' dir='ltr'>videatur,</span> <span class='ocrx_word' id='word_1_151' title='bbox 907 2529 966 2594; x_wconf 88' lang='lat' dir='ltr'>sed</span> <span class='ocrx_word' id='word_1_152' title='bbox 990 2527 1091 2598; x_wconf 84' lang='lat' dir='ltr'>etiem</span> <span class='ocrx_word' id='word_1_153' title='bbox 1114 2529 1199 2594; x_wconf 89' lang='lat' dir='ltr'>mira</span> <span class='ocrx_word' id='word_1_154' title='bbox 1220 2529 1269 2595; x_wconf 92' lang='lat' dir='ltr'>in-</span> 
     </span>
     <span class='ocr_line' id='line_1_21' title="bbox 137 2629 1270 2717; baseline 0.004 -22"><span class='ocrx_word' id='word_1_155' title='bbox 137 2629 277 2703; x_wconf 84' lang='lat' dir='ltr'>ducendi</span> <span class='ocrx_word' id='word_1_156' title='bbox 323 2636 478 2702; x_wconf 86' lang='lat' dir='ltr'>auctores</span> <span class='ocrx_word' id='word_1_157' title='bbox 523 2632 611 2704; x_wconf 85' lang='lat' dir='ltr'>ratio</span> <span class='ocrx_word' id='word_1_158' title='bbox 647 2632 864 2716; x_wconf 86' lang='lat' dir='ltr'>intellegitur,</span> <span class='ocrx_word' id='word_1_159' title='bbox 902 2637 939 2702; x_wconf 92' lang='lat' dir='ltr'>ut</span> <span class='ocrx_word' id='word_1_160' title='bbox 976 2629 1030 2712; x_wconf 89' lang='lat' dir='ltr'>(de</span> <span class='ocrx_word' id='word_1_161' title='bbox 1064 2630 1270 2717; x_wconf 87' lang='lat' dir='ltr'>septenario)</span> 
     </span>
     <span class='ocr_line' id='line_1_22' title="bbox 141 2732 1269 2819; baseline 0.004 -21"><span class='ocrx_word' id='word_1_162' title='bbox 141 2732 376 2817; x_wconf 76' lang='grc' dir='ltr'><strong><em>Ἡράκλειτος·</em></strong></span> <span class='ocrx_word' id='word_1_163' title='bbox 401 2734 491 2802; x_wconf 72' lang='grc' dir='ltr'><strong><em>κατὰ</em></strong></span> <span class='ocrx_word' id='word_1_164' title='bbox 505 2733 614 2817; x_wconf 56' lang='grc' dir='ltr'><em>λόγον,</em></span> <span class='ocrx_word' id='word_1_165' title='bbox 630 2740 693 2802; x_wconf 87' lang='lat' dir='ltr'>ete.</span> <span class='ocrx_word' id='word_1_166' title='bbox 721 2735 967 2819; x_wconf 76' lang='grc' dir='ltr'><strong><em>Ἱπποκράτης·</em></strong></span> <span class='ocrx_word' id='word_1_167' title='bbox 992 2735 1082 2800; x_wconf 80' lang='grc' dir='ltr'><em>ἑπτά</em></span> <span class='ocrx_word' id='word_1_168' title='bbox 1097 2736 1182 2800; x_wconf 83' lang='grc' dir='ltr'><strong><em>εἰσιν</em></strong></span> <span class='ocrx_word' id='word_1_169' title='bbox 1206 2741 1269 2802; x_wconf 90' lang='lat' dir='ltr'>etc.</span> 
     </span>
     <span class='ocr_line' id='line_1_23' title="bbox 136 2834 1269 2923; baseline 0.004 -21"><span class='ocrx_word' id='word_1_170' title='bbox 136 2834 190 2918; x_wconf 90' lang='lat' dir='ltr'>(de</span> <span class='ocrx_word' id='word_1_171' title='bbox 214 2838 409 2921; x_wconf 82' lang='lat' dir='ltr'>novenario)</span> <span class='ocrx_word' id='word_1_172' title='bbox 433 2840 491 2904; x_wconf 82' lang='grc' dir='ltr'>καὶ</span> <span class='ocrx_word' id='word_1_173' title='bbox 512 2835 688 2923; x_wconf 67' lang='grc' dir='ltr'><em>Ὅμὴρος·</em></span> <span class='ocrx_word' id='word_1_174' title='bbox 713 2841 746 2904; x_wconf 87' lang='lat' dir='ltr'>ol</span> <span class='ocrx_word' id='word_1_175' title='bbox 769 2837 901 2904; x_wconf 74' lang='grc' dir='ltr'><strong><em>δ’ἐννέα</em></strong></span> <span class='ocrx_word' id='word_1_176' title='bbox 925 2845 1002 2906; x_wconf 82' lang='lat' dir='ltr'>eto:</span> <span class='ocrx_word' id='word_1_177' title='bbox 1027 2839 1165 2921; x_wconf 90' lang='lat' dir='ltr'>scilieet,</span> <span class='ocrx_word' id='word_1_178' title='bbox 1182 2859 1269 2921; x_wconf 92' lang='lat' dir='ltr'>quae</span> 
     </span>
     <span class='ocr_line' id='line_1_24' title="bbox 136 2940 1268 3024; baseline 0 -16"><span class='ocrx_word' id='word_1_179' title='bbox 136 2941 257 3010; x_wconf 87' lang='lat' dir='ltr'>desunt</span> <span class='ocrx_word' id='word_1_180' title='bbox 291 2940 332 3007; x_wconf 86' lang='lat' dir='ltr'>ad</span> <span class='ocrx_word' id='word_1_181' title='bbox 368 2942 564 3012; x_wconf 86' lang='lat' dir='ltr'>vinciendas</span> <span class='ocrx_word' id='word_1_182' title='bbox 599 2944 795 3024; x_wconf 81' lang='lat' dir='ltr'>sententiaa,</span> <span class='ocrx_word' id='word_1_183' title='bbox 826 2949 945 3011; x_wconf 84' lang='lat' dir='ltr'>auctor</span> <span class='ocrx_word' id='word_1_184' title='bbox 967 2943 1048 3008; x_wconf 84' lang='lat' dir='ltr'>viva</span> <span class='ocrx_word' id='word_1_185' title='bbox 1070 2960 1152 3008; x_wconf 88' lang='lat' dir='ltr'>voce</span> <span class='ocrx_word' id='word_1_186' title='bbox 1176 2943 1268 3008; x_wconf 90' lang='lat' dir='ltr'>addi-</span> 
     </span>
     <span class='ocr_line' id='line_1_25' title="bbox 137 3043 1268 3128; baseline 0.002 -19"><span class='ocrx_word' id='word_1_187' title='bbox 137 3044 243 3111; x_wconf 86' lang='lat' dir='ltr'>derat.</span> <span class='ocrx_word' id='word_1_188' title='bbox 278 3045 482 3112; x_wconf 90' lang='lat' dir='ltr'>Mentionem</span> <span class='ocrx_word' id='word_1_189' title='bbox 505 3046 584 3112; x_wconf 83' lang='lat' dir='ltr'>feeit</span> <span class='ocrx_word' id='word_1_190' title='bbox 606 3046 710 3112; x_wconf 89' lang='lat' dir='ltr'>libelli</span> <span class='ocrx_word' id='word_1_191' title='bbox 725 3043 862 3128; x_wconf 86' lang='lat' dir='ltr'>primus,</span> <span class='ocrx_word' id='word_1_192' title='bbox 888 3045 1005 3112; x_wconf 91' lang='lat' dir='ltr'>utiam</span> <span class='ocrx_word' id='word_1_193' title='bbox 1022 3045 1100 3126; x_wconf 81' lang='lat' dir='ltr'>dixi,</span> <span class='ocrx_word' id='word_1_194' title='bbox 1122 3049 1268 3117; x_wconf 79' lang='lat' dir='ltr'>tortasse</span> 
     </span>
     <span class='ocr_line' id='line_1_26' title="bbox 137 3145 1270 3232; baseline 0.003 -19"><span class='ocrx_word' id='word_1_195' title='bbox 137 3148 303 3213; x_wconf 75' lang='lat' dir='ltr'>Eusebius</span> <span class='ocrx_word' id='word_1_196' title='bbox 316 3145 350 3232; x_wconf 86' lang='lat'>¹),</span> <span class='ocrx_word' id='word_1_197' title='bbox 384 3149 501 3216; x_wconf 89' lang='lat' dir='ltr'>deinde</span> <span class='ocrx_word' id='word_1_198' title='bbox 536 3151 703 3232; x_wconf 84' lang='lat' dir='ltr'>excerpsit</span> <span class='ocrx_word' id='word_1_199' title='bbox 737 3169 812 3216; x_wconf 91' lang='lat' dir='ltr'>eum</span> <span class='ocrx_word' id='word_1_200' title='bbox 847 3155 880 3215; x_wconf 89' lang='lat' dir='ltr'>et</span> <span class='ocrx_word' id='word_1_201' title='bbox 913 3149 1006 3232; x_wconf 87' lang='lat' dir='ltr'>operi</span> <span class='ocrx_word' id='word_1_202' title='bbox 1040 3165 1100 3219; x_wconf 89' lang='lat' dir='ltr'>suo</span> <span class='ocrx_word' id='word_1_203' title='bbox 1128 3149 1270 3221; x_wconf 88' lang='lat' dir='ltr'>inseruit</span> 
     </span>
     <span class='ocr_line' id='line_1_27' title="bbox 137 3252 1267 3336; baseline 0 -19"><span class='ocrx_word' id='word_1_204' title='bbox 137 3257 255 3319; x_wconf 88' lang='lat' dir='ltr'>auctor</span> <span class='ocrx_word' id='word_1_205' title='bbox 289 3253 374 3334; x_wconf 85' lang='lat' dir='ltr'>libri,</span> <span class='ocrx_word' id='word_1_206' title='bbox 409 3254 465 3334; x_wconf 95' lang='lat' dir='ltr'>qui</span> <span class='ocrx_word' id='word_1_207' title='bbox 499 3254 561 3319; x_wconf 92' lang='lat' dir='ltr'>sub</span> <span class='ocrx_word' id='word_1_208' title='bbox 596 3255 691 3320; x_wconf 89' lang='lat' dir='ltr'>titulo</span> <span class='ocrx_word' id='word_1_209' title='bbox 714 3255 1059 3336; x_wconf 79' lang='lat' dir='ltr'>Theologumenorum</span> <span class='ocrx_word' id='word_1_210' title='bbox 1084 3252 1267 3319; x_wconf 90' lang='lat' dir='ltr'>arithmeti-</span> 
     </span>
    </p>
   </div>
   <div class='ocr_carea' id='block_1_3' title="bbox 136 3353 1268 3441">
    <p class='ocr_par' dir='ltr' id='par_1_3' title="bbox 136 3353 1268 3441">
     <span class='ocr_line' id='line_1_28' title="bbox 136 3353 1268 3441; baseline -0.001 -20"><span class='ocrx_word' id='word_1_211' title='bbox 136 3374 250 3422; x_wconf 89' lang='lat' dir='ltr'>corum</span> <span class='ocrx_word' id='word_1_212' title='bbox 259 3353 285 3440; x_wconf 83' lang='lat'>²)</span> <span class='ocrx_word' id='word_1_213' title='bbox 319 3356 362 3423; x_wconf 90' lang='lat' dir='ltr'>ad</span> <span class='ocrx_word' id='word_1_214' title='bbox 397 3376 458 3425; x_wconf 91' lang='lat' dir='ltr'>nos</span> <span class='ocrx_word' id='word_1_215' title='bbox 491 3357 652 3439; x_wconf 86' lang='lat' dir='ltr'>pervenit,</span> <span class='ocrx_word' id='word_1_216' title='bbox 686 3363 755 3424; x_wconf 86' lang='lat' dir='ltr'>tum</span> <span class='ocrx_word' id='word_1_217' title='bbox 781 3357 950 3441; x_wconf 84' lang='lat' dir='ltr'>Georgius</span> <span class='ocrx_word' id='word_1_218' title='bbox 973 3356 1075 3420; x_wconf 84' lang='lat' dir='ltr'>Valla</span> <span class='ocrx_word' id='word_1_219' title='bbox 1107 3359 1209 3421; x_wconf 87' lang='lat' dir='ltr'>totum</span> <span class='ocrx_word' id='word_1_220' title='bbox 1233 3356 1268 3420; x_wconf 95' lang='lat' dir='ltr'>in</span> 
     </span>
    </p>
   </div>
   <div class='ocr_carea' id='block_1_4' title="bbox 222 3543 1266 3698">
    <p class='ocr_par' dir='ltr' id='par_1_4' title="bbox 222 3543 1266 3698">
     <span class='ocr_line' id='line_1_29' title="bbox 223 3543 637 3610; baseline 0.005 -14"><span class='ocrx_word' id='word_1_221' title='bbox 223 3543 241 3610; x_wconf 85' lang='lat'>¹)</span> <span class='ocrx_word' id='word_1_222' title='bbox 259 3543 363 3598; x_wconf 85' lang='lat' dir='ltr'>aceles.</span> <span class='ocrx_word' id='word_1_223' title='bbox 382 3543 448 3598; x_wconf 88' lang='lat' dir='ltr'>hist.</span> <span class='ocrx_word' id='word_1_224' title='bbox 468 3545 534 3609; x_wconf 88' lang='lat' dir='ltr'>VH,</span> <span class='ocrx_word' id='word_1_225' title='bbox 544 3545 586 3609; x_wconf 84' lang='lat'>32,</span> <span class='ocrx_word' id='word_1_226' title='bbox 595 3546 637 3598; x_wconf 78' lang='lat'>20.</span> 
     </span>
     <span class='ocr_line' id='line_1_30' title="bbox 222 3629 1266 3698; baseline -0.002 -15"><span class='ocrx_word' id='word_1_227' title='bbox 222 3629 244 3694; x_wconf 80' lang='lat'>²)</span> <span class='ocrx_word' id='word_1_228' title='bbox 264 3630 357 3683; x_wconf 78' lang='lat' dir='ltr'>(iuius</span> <span class='ocrx_word' id='word_1_229' title='bbox 383 3630 457 3684; x_wconf 91' lang='lat' dir='ltr'>libri</span> <span class='ocrx_word' id='word_1_230' title='bbox 482 3632 644 3684; x_wconf 85' lang='lat' dir='ltr'>maximam</span> <span class='ocrx_word' id='word_1_231' title='bbox 670 3635 794 3698; x_wconf 84' lang='lat' dir='ltr'>partem,</span> <span class='ocrx_word' id='word_1_232' title='bbox 821 3647 883 3684; x_wconf 92' lang='lat' dir='ltr'>non</span> <span class='ocrx_word' id='word_1_233' title='bbox 907 3632 1004 3683; x_wconf 88' lang='lat' dir='ltr'>selum</span> <span class='ocrx_word' id='word_1_234' title='bbox 1023 3645 1065 3695; x_wconf 87' lang='lat' dir='ltr'>ea,</span> <span class='ocrx_word' id='word_1_235' title='bbox 1084 3643 1160 3696; x_wconf 85' lang='lat' dir='ltr'>quae</span> <span class='ocrx_word' id='word_1_236' title='bbox 1179 3630 1266 3682; x_wconf 87' lang='lat' dir='ltr'>Nico·</span> 
     </span>
    </p>
   </div>
   <div class='ocr_carea' id='block_1_5' title="bbox 27 3707 1268 3783">
    <p class='ocr_par' dir='ltr' id='par_1_5' title="bbox 27 3707 1268 3783">
     <span class='ocr_line' id='line_1_31' title="bbox 27 3707 1268 3783; baseline 0.001 -16"><span class='ocrx_word' id='word_1_237' title='bbox 27 3707 31 3718; x_wconf 86' lang='lat'>&#39;</span> <span class='ocrx_word' id='word_1_238' title='bbox 135 3715 235 3768; x_wconf 85' lang='lat' dir='ltr'>machi</span> <span class='ocrx_word' id='word_1_239' title='bbox 260 3731 370 3768; x_wconf 88' lang='lat' dir='ltr'>nomen</span> <span class='ocrx_word' id='word_1_240' title='bbox 396 3733 469 3783; x_wconf 89' lang='lat' dir='ltr'>prae</span> <span class='ocrx_word' id='word_1_241' title='bbox 496 3734 528 3770; x_wconf 89' lang='lat' dir='ltr'>se</span> <span class='ocrx_word' id='word_1_242' title='bbox 555 3718 665 3783; x_wconf 83' lang='lat' dir='ltr'>ierunt,</span> <span class='ocrx_word' id='word_1_243' title='bbox 684 3735 722 3770; x_wconf 86' lang='lat' dir='ltr'>ex</span> <span class='ocrx_word' id='word_1_244' title='bbox 741 3717 914 3770; x_wconf 84' lang='lat' dir='ltr'>Nicomachi</span> <span class='ocrx_word' id='word_1_245' title='bbox 933 3731 1023 3783; x_wconf 90' lang='lat' dir='ltr'>opere</span> <span class='ocrx_word' id='word_1_246' title='bbox 1042 3719 1183 3782; x_wconf 86' lang='lat' dir='ltr'>excerpta</span> <span class='ocrx_word' id='word_1_247' title='bbox 1202 3731 1268 3770; x_wconf 87' lang='lat' dir='ltr'>esse</span> 
     </span>
    </p>
   </div>
   <div class='ocr_carea' id='block_1_6' title="bbox 134 3801 1268 4388">
    <p class='ocr_par' dir='ltr' id='par_1_6' title="bbox 134 3801 1268 4388">
     <span class='ocr_line' id='line_1_32' title="bbox 136 3801 1268 3878; baseline 0.004 -25"><span class='ocrx_word' id='word_1_248' title='bbox 136 3801 221 3856; x_wconf 83' lang='lat' dir='ltr'>facile</span> <span class='ocrx_word' id='word_1_249' title='bbox 240 3803 367 3868; x_wconf 87' lang='lat' dir='ltr'>videbis,</span> <span class='ocrx_word' id='word_1_250' title='bbox 386 3819 456 3856; x_wconf 88' lang='lat' dir='ltr'>eum</span> <span class='ocrx_word' id='word_1_251' title='bbox 474 3820 543 3857; x_wconf 90' lang='lat' dir='ltr'>eum</span> <span class='ocrx_word' id='word_1_252' title='bbox 561 3804 782 3871; x_wconf 83' lang='lat' dir='ltr'>comparaveris</span> <span class='ocrx_word' id='word_1_253' title='bbox 801 3803 940 3868; x_wconf 85' lang='lat' dir='ltr'>cumeis,</span> <span class='ocrx_word' id='word_1_254' title='bbox 965 3817 1041 3869; x_wconf 89' lang='lat' dir='ltr'>quae</span> <span class='ocrx_word' id='word_1_255' title='bbox 1061 3817 1076 3878; x_wconf 84' lang='lat' dir='ltr'>e</span> <span class='ocrx_word' id='word_1_256' title='bbox 1093 3803 1268 3857; x_wconf 87' lang='lat' dir='ltr'>Nicomachi</span> 
     </span>
     <span class='ocr_line' id='line_1_33' title="bbox 135 3887 1268 3957; baseline 0.004 -18"><span class='ocrx_word' id='word_1_257' title='bbox 135 3887 214 3940; x_wconf 88' lang='lat' dir='ltr'>libro</span> <span class='ocrx_word' id='word_1_258' title='bbox 232 3888 320 3942; x_wconf 91' lang='lat' dir='ltr'>nobis</span> <span class='ocrx_word' id='word_1_259' title='bbox 339 3890 471 3942; x_wconf 89' lang='lat' dir='ltr'>servavit</span> <span class='ocrx_word' id='word_1_260' title='bbox 488 3890 612 3942; x_wconf 86' lang='lat' dir='ltr'>Photius</span> <span class='ocrx_word' id='word_1_261' title='bbox 631 3890 709 3957; x_wconf 68' lang='lat'>(187).</span> <span class='ocrx_word' id='word_1_262' title='bbox 736 3891 813 3942; x_wconf 88' lang='lat' dir='ltr'>Nam</span> <span class='ocrx_word' id='word_1_263' title='bbox 831 3905 900 3942; x_wconf 91' lang='lat' dir='ltr'>oum</span> <span class='ocrx_word' id='word_1_264' title='bbox 919 3889 991 3942; x_wconf 88' lang='lat' dir='ltr'>ordo</span> <span class='ocrx_word' id='word_1_265' title='bbox 1010 3890 1172 3954; x_wconf 90' lang='lat' dir='ltr'>nominum,</span> <span class='ocrx_word' id='word_1_266' title='bbox 1192 3906 1268 3956; x_wconf 88' lang='lat' dir='ltr'>quae</span> 
     </span>
     <span class='ocr_line' id='line_1_34' title="bbox 136 3974 1267 4044; baseline 0.004 -16"><span class='ocrx_word' id='word_1_267' title='bbox 136 3974 264 4041; x_wconf 78' lang='lat' dir='ltr'>singulis</span> <span class='ocrx_word' id='word_1_268' title='bbox 291 3977 426 4030; x_wconf 82' lang='lat' dir='ltr'>numeris</span> <span class='ocrx_word' id='word_1_269' title='bbox 453 3977 593 4044; x_wconf 81' lang='lat' dir='ltr'>imposita</span> <span class='ocrx_word' id='word_1_270' title='bbox 620 3981 699 4042; x_wconf 87' lang='lat' dir='ltr'>sunt,</span> <span class='ocrx_word' id='word_1_271' title='bbox 725 3978 760 4030; x_wconf 91' lang='lat' dir='ltr'>in</span> <span class='ocrx_word' id='word_1_272' title='bbox 785 3981 914 4043; x_wconf 88' lang='lat' dir='ltr'>utroque</span> <span class='ocrx_word' id='word_1_273' title='bbox 939 3974 1018 4028; x_wconf 89' lang='lat' dir='ltr'>libro</span> <span class='ocrx_word' id='word_1_274' title='bbox 1039 3976 1072 4028; x_wconf 88' lang='lat' dir='ltr'>in</span> <span class='ocrx_word' id='word_1_275' title='bbox 1091 3975 1267 4036; x_wconf 83' lang='lat' dir='ltr'>universum</span> 
     </span>
     <span class='ocr_line' id='line_1_35' title="bbox 135 4061 1268 4138; baseline 0.002 -24"><span class='ocrx_word' id='word_1_276' title='bbox 135 4061 216 4115; x_wconf 87' lang='lat' dir='ltr'>idem</span> <span class='ocrx_word' id='word_1_277' title='bbox 244 4066 297 4126; x_wconf 89' lang='lat' dir='ltr'>est,</span> <span class='ocrx_word' id='word_1_278' title='bbox 323 4065 388 4116; x_wconf 86' lang='lat' dir='ltr'>tum</span> <span class='ocrx_word' id='word_1_279' title='bbox 414 4063 504 4138; x_wconf 84' lang='lat' dir='ltr'>plena</span> <span class='ocrx_word' id='word_1_280' title='bbox 531 4064 676 4130; x_wconf 87' lang='lat' dir='ltr'>quaedam</span> <span class='ocrx_word' id='word_1_281' title='bbox 695 4063 847 4118; x_wconf 85' lang='lat' dir='ltr'>enuntiata</span> <span class='ocrx_word' id='word_1_282' title='bbox 865 4063 896 4114; x_wconf 92' lang='lat' dir='ltr'>in</span> <span class='ocrx_word' id='word_1_283' title='bbox 914 4065 1043 4128; x_wconf 91' lang='lat' dir='ltr'>utroque</span> <span class='ocrx_word' id='word_1_284' title='bbox 1061 4061 1268 4118; x_wconf 79' lang='lat' dir='ltr'>inveniuntur.</span> 
     </span>
     <span class='ocr_line' id='line_1_36' title="bbox 134 4144 1266 4218; baseline 0 -18"><span class='ocrx_word' id='word_1_285' title='bbox 134 4149 182 4200; x_wconf 81' lang='lat' dir='ltr'>Ex</span> <span class='ocrx_word' id='word_1_286' title='bbox 200 4149 304 4204; x_wconf 89' lang='lat' dir='ltr'>multis</span> <span class='ocrx_word' id='word_1_287' title='bbox 322 4148 410 4215; x_wconf 86' lang='lat' dir='ltr'>posui</span> <span class='ocrx_word' id='word_1_288' title='bbox 428 4164 535 4215; x_wconf 85' lang='lat' dir='ltr'>pauca:</span> <span class='ocrx_word' id='word_1_289' title='bbox 564 4150 664 4202; x_wconf 79' lang='lat' dir='ltr'>Theol.</span> <span class='ocrx_word' id='word_1_290' title='bbox 684 4149 800 4204; x_wconf 86' lang='lat' dir='ltr'>arithm.</span> <span class='ocrx_word' id='word_1_291' title='bbox 822 4164 869 4215; x_wconf 84' lang='lat' dir='ltr'>pg.</span> <span class='ocrx_word' id='word_1_292' title='bbox 892 4146 957 4212; x_wconf 80' lang='lat'><strong>14‚2</strong></span> <span class='ocrx_word' id='word_1_293' title='bbox 984 4144 1090 4216; x_wconf 72' lang='grc' dir='ltr'><strong><em>ἧτριᾰς</em></strong></span> <span class='ocrx_word' id='word_1_294' title='bbox 1108 4145 1139 4200; x_wconf 76' lang='grc' dir='ltr'>δὲ</span> <span class='ocrx_word' id='word_1_295' title='bbox 1155 4147 1202 4210; x_wconf 76' lang='grc' dir='ltr'>τήν</span> <span class='ocrx_word' id='word_1_296' title='bbox 1218 4168 1266 4218; x_wconf 88' lang='grc' dir='ltr'>μο-</span> 
     </span>
     <span class='ocr_line' id='line_1_37' title="bbox 135 4231 1265 4304; baseline 0.003 -20"><span class='ocrx_word' id='word_1_297' title='bbox 135 4233 216 4289; x_wconf 74' lang='grc' dir='ltr'><em>νάδος</em></span> <span class='ocrx_word' id='word_1_298' title='bbox 242 4233 360 4304; x_wconf 77' lang='grc' dir='ltr'><em>δύναμιν</em></span> <span class='ocrx_word' id='word_1_299' title='bbox 386 4235 424 4289; x_wconf 80' lang='grc' dir='ltr'>εἱς</span> <span class='ocrx_word' id='word_1_300' title='bbox 449 4232 590 4303; x_wconf 78' lang='grc' dir='ltr'><em>ἐνέργειαν</em></span> <span class='ocrx_word' id='word_1_301' title='bbox 616 4234 662 4286; x_wconf 76' lang='grc' dir='ltr'>καὶ</span> <span class='ocrx_word' id='word_1_302' title='bbox 689 4231 831 4288; x_wconf 71' lang='lat' dir='ltr'>inimoco</span> <span class='ocrx_word' id='word_1_303' title='bbox 857 4239 1013 4302; x_wconf 77' lang='grc' dir='ltr'><em>προχωρεῖν</em></span> <span class='ocrx_word' id='word_1_304' title='bbox 1034 4240 1106 4286; x_wconf 77' lang='grc' dir='ltr'><em>ποιεῖ</em></span> <span class='ocrx_word' id='word_1_305' title='bbox 1122 4273 1128 4288; x_wconf 91' lang='grc'><strong>.</strong></span> <span class='ocrx_word' id='word_1_306' title='bbox 1142 4273 1168 4286; x_wconf 93' lang='grc'>..</span> <span class='ocrx_word' id='word_1_307' title='bbox 1186 4235 1265 4289; x_wconf 83' lang='lat' dir='ltr'>idem</span> 
     </span>
     <span class='ocr_line' id='line_1_38' title="bbox 136 4312 1266 4388; baseline -0.001 -14"><span class='ocrx_word' id='word_1_308' title='bbox 136 4321 228 4374; x_wconf 88' lang='lat' dir='ltr'>habes</span> <span class='ocrx_word' id='word_1_309' title='bbox 241 4322 321 4387; x_wconf 86' lang='lat' dir='ltr'>apud</span> <span class='ocrx_word' id='word_1_310' title='bbox 335 4321 481 4374; x_wconf 90' lang='lat' dir='ltr'>Photium.</span> <span class='ocrx_word' id='word_1_311' title='bbox 509 4322 609 4374; x_wconf 81' lang='lat' dir='ltr'>Theoi.</span> <span class='ocrx_word' id='word_1_312' title='bbox 621 4322 737 4374; x_wconf 88' lang='lat' dir='ltr'>arithm.</span> <span class='ocrx_word' id='word_1_313' title='bbox 748 4337 797 4388; x_wconf 87' lang='lat' dir='ltr'>pg.</span> <span class='ocrx_word' id='word_1_314' title='bbox 807 4321 849 4386; x_wconf 86' lang='lat'>34,</span> <span class='ocrx_word' id='word_1_315' title='bbox 859 4321 893 4374; x_wconf 84' lang='lat'>25</span> <span class='ocrx_word' id='word_1_316' title='bbox 911 4316 981 4375; x_wconf 74' lang='lat' dir='ltr'>eidos</span> <span class='ocrx_word' id='word_1_317' title='bbox 1000 4312 1049 4373; x_wconf 78' lang='grc' dir='ltr'>οὖν</span> <span class='ocrx_word' id='word_1_318' title='bbox 1066 4319 1153 4374; x_wconf 74' lang='grc' dir='ltr'><strong><em>εἴδους</em></strong></span> <span class='ocrx_word' id='word_1_319' title='bbox 1166 4319 1214 4372; x_wconf 72' lang='grc' dir='ltr'>οὖν</span> <span class='ocrx_word' id='word_1_320' title='bbox 1228 4365 1232 4373; x_wconf 96' lang='grc'>,</span> <span class='ocrx_word' id='word_1_321' title='bbox 1245 4361 1266 4373; x_wconf 93' lang='grc'>..</span> 
     </span>
    </p>
   </div>
   <div class='ocr_carea' id='block_1_7' title="bbox 135 4405 1267 4546">
    <p class='ocr_par' dir='ltr' id='par_1_7' title="bbox 135 4405 1267 4546">
     <span class='ocr_line' id='line_1_39' title="bbox 135 4405 1267 4477; baseline 0 -18"><span class='ocrx_word' id='word_1_322' title='bbox 135 4407 218 4476; x_wconf 77' lang='grc' dir='ltr'><strong>(παρὸ</strong></span> <span class='ocrx_word' id='word_1_323' title='bbox 236 4405 308 4477; x_wconf 57' lang='lat' dir='ltr'>licis)</span> <span class='ocrx_word' id='word_1_324' title='bbox 327 4408 450 4461; x_wconf 80' lang='lat' dir='ltr'>Plrotius</span> <span class='ocrx_word' id='word_1_325' title='bbox 469 4408 557 4462; x_wconf 93' lang='lat' dir='ltr'>idem.</span> <span class='ocrx_word' id='word_1_326' title='bbox 588 4407 647 4466; x_wconf 86' lang='lat' dir='ltr'>Sed</span> <span class='ocrx_word' id='word_1_327' title='bbox 660 4411 759 4460; x_wconf 86' lang='lat' dir='ltr'>tamen</span> <span class='ocrx_word' id='word_1_328' title='bbox 772 4423 833 4461; x_wconf 90' lang='lat' dir='ltr'>non</span> <span class='ocrx_word' id='word_1_329' title='bbox 846 4409 946 4460; x_wconf 87' lang='lat' dir='ltr'>omnia</span> <span class='ocrx_word' id='word_1_330' title='bbox 965 4410 1036 4460; x_wconf 90' lang='lat' dir='ltr'>sunt</span> <span class='ocrx_word' id='word_1_331' title='bbox 1053 4407 1211 4462; x_wconf 80' lang='lat' dir='ltr'>referenda</span> <span class='ocrx_word' id='word_1_332' title='bbox 1230 4409 1267 4459; x_wconf 86' lang='lat' dir='ltr'>ad</span> 
     </span>
     <span class='ocr_line' id='line_1_40' title="bbox 1133 4492 1161 4546; baseline 0 -28"><span class='ocrx_word' id='word_1_333' title='bbox 1133 4492 1161 4546; x_wconf 69' lang='lat'>1·</span> 
     </span>
    </p>
   </div>
   <div class='ocr_carea' id='block_1_8' title="bbox 0 0 1616 5166">
    <p class='ocr_par' dir='ltr' id='par_1_8' title="bbox 0 0 1616 5166">
     <span class='ocr_line' id='line_1_41' title="bbox 0 0 1616 5166; baseline 0 1"><span class='ocrx_word' id='word_1_334' title='bbox 0 0 1616 5166; x_wconf 95' lang='lat' dir='ltr'> </span> 
     </span>
    </p>
   </div>
  </div>
 </body>
</html>
